<?xml version="1.0" encoding="UTF-8"?>
<!DOCTYPE html PUBLIC "-//W3C//DTD XHTML 1.0 Transitional//EN"
    "http://www.w3.org/TR/xhtml1/DTD/xhtml1-transitional.dtd">
<html xmlns="http://www.w3.org/1999/xhtml" xml:lang="en" lang="en">
 <head>
  <title>
</title>
<meta http-equiv="Content-Type" content="text/html;charset=utf-8" />
  <meta name='ocr-system' content='tesseract 3.04.00' />
  <meta name='ocr-capabilities' content='ocr_page ocr_carea ocr_par ocr_line ocrx_word'/>
</head>
<body>
  <div class='ocr_page' id='page_1' title='image "agathiaemyrinae00niebgoog_0025.png"; bbox 0 0 2738 4816; ppageno 0'>
   <div class='ocr_carea' id='block_1_1' title="bbox 102 247 1068 357">
    <p class='ocr_par' dir='ltr' id='par_1_1' title="bbox 102 247 1068 357">
     <span class='ocr_line' id='line_1_1' title="bbox 102 247 1068 357; baseline -0.001 -42"><span class='ocrx_word' id='word_1_1' title='bbox 102 316 107 332; x_wconf 63' lang='grc'>,</span> <span class='ocrx_word' id='word_1_2' title='bbox 230 253 282 315; x_wconf 79' lang='lat' dir='ltr'><strong>xx</strong></span> <span class='ocrx_word' id='word_1_3' title='bbox 600 247 696 357; x_wconf 68' lang='lat' dir='ltr'><strong>vnn</strong></span> <span class='ocrx_word' id='word_1_4' title='bbox 725 247 944 317; x_wconf 72' lang='lat' dir='ltr'><strong>sommis.</strong></span> <span class='ocrx_word' id='word_1_5' title='bbox 1067 340 1068 344; x_wconf 4' lang='grc' dir='ltr'><strong><em>Ν</em></strong></span> 
     </span>
    </p>
   </div>
   <div class='ocr_carea' id='block_1_2' title="bbox 106 397 1325 2872">
    <p class='ocr_par' dir='ltr' id='par_1_2' title="bbox 106 397 1325 2872">
     <span class='ocr_line' id='line_1_2' title="bbox 229 397 1307 491; baseline -0.006 -24"><span class='ocrx_word' id='word_1_6' title='bbox 229 397 376 491; x_wconf 78' lang='lat' dir='ltr'><strong>pressam</strong></span> <span class='ocrx_word' id='word_1_7' title='bbox 389 400 465 468; x_wconf 85' lang='lat' dir='ltr'><strong>esse</strong></span> <span class='ocrx_word' id='word_1_8' title='bbox 479 404 599 466; x_wconf 87' lang='lat' dir='ltr'><strong>Romae</strong></span> <span class='ocrx_word' id='word_1_9' title='bbox 617 424 667 487; x_wconf 86' lang='lat' dir='ltr'><strong>ap.</strong></span> <span class='ocrx_word' id='word_1_10' title='bbox 688 403 750 466; x_wconf 84' lang='lat' dir='ltr'><strong>lac.</strong></span> <span class='ocrx_word' id='word_1_11' title='bbox 766 401 979 466; x_wconf 84' lang='lat' dir='ltr'><strong>:Mazocbium</strong></span> <span class='ocrx_word' id='word_1_12' title='bbox 1001 399 1166 470; x_wconf 73' lang='lat' dir='ltr'><strong>&#39;151&#39;6.&#39;fol.</strong></span> <span class='ocrx_word' id='word_1_13' title='bbox 1192 398 1307 483; x_wconf 81' lang='lat' dir='ltr'><strong>repeti·</strong></span> 
     </span>
     <span class='ocr_line' id='line_1_3' title="bbox 203 500 1308 589; baseline -0.005 -23"><span class='ocrx_word' id='word_1_14' title='bbox 203 501 204 506; x_wconf 62' lang='grc'>’</span> <span class='ocrx_word' id='word_1_15' title='bbox 229 516 294 567; x_wconf 89' lang='lat' dir='ltr'><strong>tam</strong></span> <span class='ocrx_word' id='word_1_16' title='bbox 318 504 435 568; x_wconf 88' lang='lat' dir='ltr'><strong>deiude</strong></span> <span class='ocrx_word' id='word_1_17' title='bbox 455 506 616 587; x_wconf 78' lang='lat' dir='ltr'><strong>Augustae</strong></span> <span class='ocrx_word' id='word_1_18' title='bbox 635 501 877 567; x_wconf 87' lang='lat' dir='ltr'><strong>Vindelicornm</strong></span> <span class='ocrx_word' id='word_1_19' title='bbox 900 525 959 586; x_wconf 90' lang='lat' dir='ltr'><strong>per</strong></span> <span class='ocrx_word' id='word_1_20' title='bbox 979 501 1104 587; x_wconf 83' lang='lat' dir='ltr'><strong>Sigism.</strong></span> <span class='ocrx_word' id='word_1_21' title='bbox 1126 500 1250 589; x_wconf 85' lang='lat' dir='ltr'><strong>Grimm</strong></span> <span class='ocrx_word' id='word_1_22' title='bbox 1275 507 1308 560; x_wconf 88' lang='lat' dir='ltr'><strong>et</strong></span> 
     </span>
     <span class='ocr_line' id='line_1_4' title="bbox 227 589 1307 686; baseline -0.01 -18"><span class='ocrx_word' id='word_1_23' title='bbox 227 606 270 684; x_wconf 84' lang='lat' dir='ltr'><strong>M.</strong></span> <span class='ocrx_word' id='word_1_24' title='bbox 284 589 439 685; x_wconf 79' lang='lat' dir='ltr'><strong>Wirsnng</strong></span> <span class='ocrx_word' id='word_1_25' title='bbox 456 604 544 686; x_wconf 50' lang='lat' dir='ltr'><strong>1519f</strong></span> <span class='ocrx_word' id='word_1_26' title='bbox 554 603 584 681; x_wconf 78' lang='grc'><strong>4.</strong></span> <span class='ocrx_word' id='word_1_27' title='bbox 595 611 628 665; x_wconf 89' lang='lat' dir='ltr'><strong>et</strong></span> <span class='ocrx_word' id='word_1_28' title='bbox 643 610 751 684; x_wconf 87' lang='lat' dir='ltr'><strong>postea</strong></span> <span class='ocrx_word' id='word_1_29' title='bbox 762 623 836 663; x_wconf 91' lang='lat' dir='ltr'><strong>cum</strong></span> <span class='ocrx_word' id='word_1_30' title='bbox 847 602 1006 686; x_wconf 81' lang='lat' dir='ltr'><strong>Procopio</strong></span> <span class='ocrx_word' id='word_1_31' title='bbox 1025 611 1119 684; x_wconf 85' lang='lat' dir='ltr'><strong>utque</strong></span> <span class='ocrx_word' id='word_1_32' title='bbox 1131 596 1307 674; x_wconf 86' lang='lat' dir='ltr'><strong>lornande,</strong></span> 
     </span>
     <span class='ocr_line' id='line_1_5' title="bbox 228 695 1306 786; baseline -0.01 -21"><span class='ocrx_word' id='word_1_33' title='bbox 228 703 364 786; x_wconf 86' lang='lat' dir='ltr'><strong>aliisque</strong></span> <span class='ocrx_word' id='word_1_34' title='bbox 385 702 487 764; x_wconf 87' lang='lat' dir='ltr'><strong>affinis</strong></span> <span class='ocrx_word' id='word_1_35' title='bbox 510 700 689 784; x_wconf 81' lang='lat' dir='ltr'><strong>argumenti</strong></span> <span class='ocrx_word' id='word_1_36' title='bbox 714 700 825 780; x_wconf 90' lang='lat' dir='ltr'><strong>libris,</strong></span> <span class='ocrx_word' id='word_1_37' title='bbox 854 701 1025 785; x_wconf 86' lang='lat' dir='ltr'><strong>praemissa</strong></span> <span class='ocrx_word' id='word_1_38' title='bbox 1046 700 1134 762; x_wconf 85' lang='lat' dir='ltr'><strong>Beati</strong></span> <span class='ocrx_word' id='word_1_39' title='bbox 1157 695 1306 760; x_wconf 86' lang='lat' dir='ltr'><strong>Rhenani</strong></span> 
     </span>
     <span class='ocr_line' id='line_1_6' title="bbox 207 795 1325 888; baseline -0.001 -27"><span class='ocrx_word' id='word_1_40' title='bbox 207 861 208 867; x_wconf 69' lang='grc'>,</span> <span class='ocrx_word' id='word_1_41' title='bbox 225 795 437 888; x_wconf 66' lang='lat' dir='ltr'><strong>praefatione,</strong></span> <span class='ocrx_word' id='word_1_42' title='bbox 458 800 599 862; x_wconf 87' lang='lat' dir='ltr'><strong>Basileae</strong></span> <span class='ocrx_word' id='word_1_43' title='bbox 620 822 668 884; x_wconf 83' lang='lat' dir='ltr'><strong>ap.</strong></span> <span class='ocrx_word' id='word_1_44' title='bbox 679 799 873 883; x_wconf 61' lang='lat' dir='ltr'><strong>‘Hervagium</strong></span> <span class='ocrx_word' id='word_1_45' title='bbox 892 802 976 864; x_wconf 74' lang='lat'>1531.</span> <span class='ocrx_word' id='word_1_46' title='bbox 991 800 1048 864; x_wconf 77' lang='lat' dir='ltr'><strong>fot</strong></span> <span class='ocrx_word' id='word_1_47' title='bbox 1062 809 1094 862; x_wconf 90' lang='lat' dir='ltr'><strong>et</strong></span> <span class='ocrx_word' id='word_1_48' title='bbox 1104 799 1204 881; x_wconf 83' lang='lat' dir='ltr'><strong>Lugd.</strong></span> <span class='ocrx_word' id='word_1_49' title='bbox 1218 798 1325 878; x_wconf 69' lang='lat' dir='ltr'><strong>1594.r</strong></span> 
     </span>
     <span class='ocr_line' id='line_1_7' title="bbox 226 895 1306 965; baseline -0.008 0"><span class='ocrx_word' id='word_1_50' title='bbox 226 903 322 965; x_wconf 73' lang='lat'><strong>8.=-</strong></span> <span class='ocrx_word' id='word_1_51' title='bbox 342 899 577 962; x_wconf 77' lang='lat' dir='ltr'><strong>dedicationem</strong></span> <span class='ocrx_word' id='word_1_52' title='bbox 593 901 751 962; x_wconf 82' lang='lat' dir='ltr'><strong>Personae</strong></span> <span class='ocrx_word' id='word_1_53' title='bbox 764 900 803 960; x_wconf 86' lang='lat' dir='ltr'><strong>ad</strong></span> <span class='ocrx_word' id='word_1_54' title='bbox 818 899 943 960; x_wconf 87' lang='lat' dir='ltr'><strong>Sixtum</strong></span> <span class='ocrx_word' id='word_1_55' title='bbox 959 896 1014 965; x_wconf 88' lang='lat' dir='ltr'><strong>lv.</strong></span> <span class='ocrx_word' id='word_1_56' title='bbox 1033 901 1126 963; x_wconf 86' lang='lat' dir='ltr'><strong>Pont.</strong></span> <span class='ocrx_word' id='word_1_57' title='bbox 1134 900 1177 960; x_wconf 85' lang='lat' dir='ltr'><strong>M.</strong></span> <span class='ocrx_word' id='word_1_58' title='bbox 1188 895 1306 959; x_wconf 88' lang='lat' dir='ltr'><strong>editam</strong></span> 
     </span>
     <span class='ocr_line' id='line_1_8' title="bbox 225 997 1290 1083; baseline -0.007 -20"><span class='ocrx_word' id='word_1_59' title='bbox 225 998 342 1063; x_wconf 86' lang='lat' dir='ltr'><strong>esseio</strong></span> <span class='ocrx_word' id='word_1_60' title='bbox 359 998 635 1062; x_wconf 87' lang='lat' dir='ltr'><strong>dissertationibus</strong></span> <span class='ocrx_word' id='word_1_61' title='bbox 657 999 738 1060; x_wconf 89' lang='lat' dir='ltr'><strong>Zeni</strong></span> <span class='ocrx_word' id='word_1_62' title='bbox 753 998 916 1064; x_wconf 85' lang='lat' dir='ltr'><strong>Vossianis</strong></span> <span class='ocrx_word' id='word_1_63' title='bbox 933 999 978 1066; x_wconf 84' lang='lat' dir='ltr'><strong>ll.</strong></span> <span class='ocrx_word' id='word_1_64' title='bbox 999 1022 1030 1083; x_wconf 89' lang='lat' dir='ltr'><strong>p.</strong></span> <span class='ocrx_word' id='word_1_65' title='bbox 1052 1000 1104 1076; x_wconf 66' lang='lat'><strong>141</strong></span> <span class='ocrx_word' id='word_1_66' title='bbox 1116 997 1236 1074; x_wconf 57' lang='lat'><strong>-144</strong></span> <span class='ocrx_word' id='word_1_67' title='bbox 1289 1024 1290 1029; x_wconf 52' lang='grc'>’</span> 
     </span>
     <span class='ocr_line' id='line_1_9' title="bbox 127 1097 1306 1182; baseline -0.003 -22"><span class='ocrx_word' id='word_1_68' title='bbox 127 1124 131 1140; x_wconf 56' lang='lat'>³</span> <span class='ocrx_word' id='word_1_69' title='bbox 240 1132 241 1135; x_wconf 35' lang='lat'>¹</span> <span class='ocrx_word' id='word_1_70' title='bbox 304 1099 373 1182; x_wconf 83' lang='lat' dir='ltr'><strong>Ego</strong></span> <span class='ocrx_word' id='word_1_71' title='bbox 395 1119 470 1160; x_wconf 89' lang='lat' dir='ltr'><strong>usus</strong></span> <span class='ocrx_word' id='word_1_72' title='bbox 496 1120 566 1160; x_wconf 90' lang='lat' dir='ltr'><strong>sum</strong></span> <span class='ocrx_word' id='word_1_73' title='bbox 597 1099 737 1160; x_wconf 82' lang='lat' dir='ltr'><strong>editione</strong></span> <span class='ocrx_word' id='word_1_74' title='bbox 768 1120 851 1180; x_wconf 86' lang='lat' dir='ltr'><strong>qnae</strong></span> <span class='ocrx_word' id='word_1_75' title='bbox 874 1121 892 1160; x_wconf 89' lang='lat' dir='ltr'><strong>a</strong></span> <span class='ocrx_word' id='word_1_76' title='bbox 915 1099 1064 1162; x_wconf 84' lang='lat' dir='ltr'><strong>Fabricio</strong></span> <span class='ocrx_word' id='word_1_77' title='bbox 1089 1097 1208 1160; x_wconf 89' lang='lat' dir='ltr'><strong>dicitnr</strong></span> <span class='ocrx_word' id='word_1_78' title='bbox 1234 1115 1306 1179; x_wconf 90' lang='lat' dir='ltr'><strong>pro·</strong></span> 
     </span>
     <span class='ocr_line' id='line_1_10' title="bbox 220 1196 1306 1281; baseline -0.004 -21"><span class='ocrx_word' id='word_1_79' title='bbox 220 1197 320 1260; x_wconf 59' lang='lat' dir='ltr'><strong>‘diisse</strong></span> <span class='ocrx_word' id='word_1_80' title='bbox 340 1218 425 1258; x_wconf 86' lang='lat' dir='ltr'><strong>anno</strong></span> <span class='ocrx_word' id='word_1_81' title='bbox 452 1196 538 1279; x_wconf 82' lang='lat'><strong>1576.</strong></span> <span class='ocrx_word' id='word_1_82' title='bbox 557 1197 698 1258; x_wconf 86' lang='lat' dir='ltr'><strong>Basileae</strong></span> <span class='ocrx_word' id='word_1_83' title='bbox 714 1219 770 1281; x_wconf 85' lang='lat' dir='ltr'><strong>ap.·</strong></span> <span class='ocrx_word' id='word_1_84' title='bbox 787 1200 821 1260; x_wconf 89' lang='grc' dir='ltr'><strong>Ρ.</strong></span> <span class='ocrx_word' id='word_1_85' title='bbox 840 1203 992 1272; x_wconf 87' lang='lat' dir='ltr'><strong>Pernam;</strong></span> <span class='ocrx_word' id='word_1_86' title='bbox 1016 1199 1072 1262; x_wconf 88' lang='lat' dir='ltr'><strong>sed</strong></span> <span class='ocrx_word' id='word_1_87' title='bbox 1094 1197 1171 1258; x_wconf 88' lang='lat' dir='ltr'><strong>anni</strong></span> <span class='ocrx_word' id='word_1_88' title='bbox 1197 1203 1306 1256; x_wconf 89' lang='lat' dir='ltr'><strong>notam</strong></span> 
     </span>
     <span class='ocr_line' id='line_1_11' title="bbox 223 1295 1305 1382; baseline 0.002 -27"><span class='ocrx_word' id='word_1_89' title='bbox 223 1297 256 1357; x_wconf 88' lang='lat' dir='ltr'><strong>in</strong></span> <span class='ocrx_word' id='word_1_90' title='bbox 278 1296 426 1379; x_wconf 84' lang='lat' dir='ltr'><strong>exemplo</strong></span> <span class='ocrx_word' id='word_1_91' title='bbox 440 1295 530 1379; x_wconf 87' lang='lat' dir='ltr'><strong>qnod</strong></span> <span class='ocrx_word' id='word_1_92' title='bbox 546 1296 625 1359; x_wconf 89' lang='lat' dir='ltr'><strong>mihi</strong></span> <span class='ocrx_word' id='word_1_93' title='bbox 643 1297 733 1382; x_wconf 84' lang='lat' dir='ltr'><strong>adest</strong></span> <span class='ocrx_word' id='word_1_94' title='bbox 749 1298 866 1359; x_wconf 86' lang='lat' dir='ltr'><strong>frustra</strong></span> <span class='ocrx_word' id='word_1_95' title='bbox 882 1298 1036 1381; x_wconf 84' lang='lat' dir='ltr'><strong>quaesivi.</strong></span> <span class='ocrx_word' id='word_1_96' title='bbox 1080 1298 1128 1360; x_wconf 87' lang='lat' dir='ltr'><strong>lbi</strong></span> <span class='ocrx_word' id='word_1_97' title='bbox 1149 1295 1305 1380; x_wconf 79' lang='lat' dir='ltr'><strong>Agathino</strong></span> 
     </span>
     <span class='ocr_line' id='line_1_12' title="bbox 219 1392 1304 1481; baseline -0.004 -24"><span class='ocrx_word' id='word_1_98' title='bbox 219 1396 468 1479; x_wconf 88' lang='lat' dir='ltr'><strong>praemittuntur</strong></span> <span class='ocrx_word' id='word_1_99' title='bbox 484 1395 629 1480; x_wconf 77' lang='lat' dir='ltr'><strong>Zosimus</strong></span> <span class='ocrx_word' id='word_1_100' title='bbox 646 1397 892 1477; x_wconf 86' lang='lat' dir='ltr'><strong>aLeunclavio,</strong></span> <span class='ocrx_word' id='word_1_101' title='bbox 913 1396 1090 1481; x_wconf 85' lang='lat' dir='ltr'><strong>Procopius</strong></span> <span class='ocrx_word' id='word_1_102' title='bbox 1106 1418 1124 1458; x_wconf 85' lang='lat' dir='ltr'><strong>a</strong></span> <span class='ocrx_word' id='word_1_103' title='bbox 1141 1392 1304 1481; x_wconf 85' lang='lat' dir='ltr'><strong>Raphaele</strong></span> 
     </span>
     <span class='ocr_line' id='line_1_13' title="bbox 220 1483 1304 1580; baseline -0.006 -20"><span class='ocrx_word' id='word_1_104' title='bbox 220 1497 452 1577; x_wconf 85' lang='lat' dir='ltr'><strong>Vplaterrano,</strong></span> <span class='ocrx_word' id='word_1_105' title='bbox 483 1501 687 1579; x_wconf 82' lang='lat' dir='ltr'><strong>Personaque</strong></span> <span class='ocrx_word' id='word_1_106' title='bbox 704 1496 792 1580; x_wconf 84' lang='lat' dir='ltr'><strong>ipso,</strong></span> <span class='ocrx_word' id='word_1_107' title='bbox 822 1518 951 1560; x_wconf 81' lang='lat' dir='ltr'><strong>versus:</strong></span> <span class='ocrx_word' id='word_1_108' title='bbox 975 1496 1190 1561; x_wconf 86' lang='lat' dir='ltr'><strong>subiiciuntur</strong></span> <span class='ocrx_word' id='word_1_109' title='bbox 1209 1483 1304 1555; x_wconf 81' lang='lat' dir='ltr'><strong>ambo</strong></span> 
     </span>
     <span class='ocr_line' id='line_1_14' title="bbox 106 1594 1303 1674; baseline 0.003 -19"><span class='ocrx_word' id='word_1_110' title='bbox 106 1630 117 1642; x_wconf 38' lang='lat' dir='ltr'><strong>a</strong></span> <span class='ocrx_word' id='word_1_111' title='bbox 221 1595 390 1658; x_wconf 87' lang='lat' dir='ltr'><strong>lornandis</strong></span> <span class='ocrx_word' id='word_1_112' title='bbox 407 1594 531 1674; x_wconf 85' lang='lat' dir='ltr'><strong>libelli,</strong></span> <span class='ocrx_word' id='word_1_113' title='bbox 560 1604 594 1658; x_wconf 86' lang='lat' dir='ltr'><strong>et</strong></span> <span class='ocrx_word' id='word_1_114' title='bbox 617 1595 802 1667; x_wconf 83' lang='lat' dir='ltr'><strong>Leonardus</strong></span> <span class='ocrx_word' id='word_1_115' title='bbox 819 1599 974 1660; x_wconf 86' lang='lat' dir='ltr'><strong>Aretinus</strong></span> <span class='ocrx_word' id='word_1_116' title='bbox 1003 1598 1043 1662; x_wconf 88' lang='lat' dir='ltr'><strong>de</strong></span> <span class='ocrx_word' id='word_1_117' title='bbox 1067 1597 1155 1660; x_wconf 85' lang='lat' dir='ltr'><strong>bello</strong></span> <span class='ocrx_word' id='word_1_118' title='bbox 1178 1594 1303 1659; x_wconf 85' lang='lat' dir='ltr'><strong>Italico.</strong></span> 
     </span>
     <span class='ocr_line' id='line_1_15' title="bbox 219 1685 1310 1781; baseline 0.003 -26"><span class='ocrx_word' id='word_1_119' title='bbox 219 1685 315 1773; x_wconf 90' lang='lat' dir='ltr'><strong>Quod</strong></span> <span class='ocrx_word' id='word_1_120' title='bbox 333 1695 501 1756; x_wconf 83' lang='lat' dir='ltr'><strong>Fabricios</strong></span> <span class='ocrx_word' id='word_1_121' title='bbox 518 1694 556 1755; x_wconf 90' lang='lat' dir='ltr'><strong>in</strong></span> <span class='ocrx_word' id='word_1_122' title='bbox 576 1695 638 1756; x_wconf 88' lang='lat' dir='ltr'><strong>hac</strong></span> <span class='ocrx_word' id='word_1_123' title='bbox 665 1695 806 1777; x_wconf 74' lang='lat' dir='ltr'><strong>editione</strong></span> <span class='ocrx_word' id='word_1_124' title='bbox 821 1698 1002 1760; x_wconf 85' lang='lat' dir='ltr'><strong>versionem</strong></span> <span class='ocrx_word' id='word_1_125' title='bbox 1025 1697 1179 1781; x_wconf 81' lang='lat' dir='ltr'><strong>Agathiae</strong></span> <span class='ocrx_word' id='word_1_126' title='bbox 1195 1717 1235 1757; x_wconf 86' lang='lat' dir='ltr'><strong>ex</strong></span> <span class='ocrx_word' id='word_1_127' title='bbox 1251 1713 1310 1758; x_wconf 86' lang='lat' dir='ltr'><strong>re-.</strong></span> 
     </span>
     <span class='ocr_line' id='line_1_16' title="bbox 220 1791 1304 1874; baseline -0.004 -19"><span class='ocrx_word' id='word_1_128' title='bbox 220 1793 369 1855; x_wconf 86' lang='lat' dir='ltr'><strong>censione</strong></span> <span class='ocrx_word' id='word_1_129' title='bbox 397 1793 464 1854; x_wconf 84' lang='lat' dir='ltr'><strong>sive</strong></span> <span class='ocrx_word' id='word_1_130' title='bbox 483 1793 730 1874; x_wconf 79' lang='lat' dir='ltr'><strong>interpolatione</strong></span> <span class='ocrx_word' id='word_1_131' title='bbox 752 1795 797 1859; x_wconf 90' lang='lat' dir='ltr'><strong>Io.</strong></span> <span class='ocrx_word' id='word_1_132' title='bbox 816 1794 1010 1858; x_wconf 76' lang='lat' dir='ltr'><strong>Leunclavlii‘</strong></span> <span class='ocrx_word' id='word_1_133' title='bbox 1028 1794 1138 1856; x_wconf 83' lang='lat' dir='ltr'><strong>haberi</strong></span> <span class='ocrx_word' id='word_1_134' title='bbox 1155 1792 1252 1870; x_wconf 80' lang='lat' dir='ltr'><strong>dicis,</strong></span> <span class='ocrx_word' id='word_1_135' title='bbox 1275 1791 1304 1852; x_wconf 94' lang='lat' dir='ltr'><strong>is</strong></span> 
     </span>
     <span class='ocr_line' id='line_1_17' title="bbox 219 1890 1304 1965; baseline -0.003 -12"><span class='ocrx_word' id='word_1_136' title='bbox 219 1911 310 1954; x_wconf 83' lang='lat' dir='ltr'><strong>error</strong></span> <span class='ocrx_word' id='word_1_137' title='bbox 327 1898 384 1953; x_wconf 88' lang='lat' dir='ltr'><strong>est.</strong></span> <span class='ocrx_word' id='word_1_138' title='bbox 428 1890 517 1953; x_wconf 84' lang='lat' dir='ltr'><strong>Nihil</strong></span> <span class='ocrx_word' id='word_1_139' title='bbox 544 1891 677 1953; x_wconf 84' lang='lat' dir='ltr'><strong>mutavit</strong></span> <span class='ocrx_word' id='word_1_140' title='bbox 695 1892 925 1965; x_wconf 86' lang='lat' dir='ltr'><strong>Leunclavius;</strong></span> <span class='ocrx_word' id='word_1_141' title='bbox 947 1900 1116 1955; x_wconf 89' lang='lat' dir='ltr'><strong>contentus</strong></span> <span class='ocrx_word' id='word_1_142' title='bbox 1131 1890 1214 1961; x_wconf 92' lang='lat' dir='ltr'><strong>locis</strong></span> <span class='ocrx_word' id='word_1_143' title='bbox 1235 1911 1304 1951; x_wconf 91' lang='lat' dir='ltr'><strong>non</strong></span> 
     </span>
     <span class='ocr_line' id='line_1_18' title="bbox 218 1989 1302 2073; baseline 0 -23"><span class='ocrx_word' id='word_1_144' title='bbox 218 1991 299 2053; x_wconf 91' lang='lat' dir='ltr'><strong>adeo</strong></span> <span class='ocrx_word' id='word_1_145' title='bbox 322 1989 430 2053; x_wconf 87' lang='lat' dir='ltr'><strong>multis</strong></span> <span class='ocrx_word' id='word_1_146' title='bbox 451 1991 484 2050; x_wconf 93' lang='lat' dir='ltr'><strong>in</strong></span> <span class='ocrx_word' id='word_1_147' title='bbox 502 1993 644 2073; x_wconf 82' lang='lat' dir='ltr'><strong>margine</strong></span> <span class='ocrx_word' id='word_1_148' title='bbox 664 1991 897 2069; x_wconf 87' lang='lat' dir='ltr'><strong>correctionem</strong></span> <span class='ocrx_word' id='word_1_149' title='bbox 917 1990 1079 2053; x_wconf 85' lang='lat' dir='ltr'><strong>indicare:</strong></span> <span class='ocrx_word' id='word_1_150' title='bbox 1108 1990 1164 2052; x_wconf 89' lang='lat' dir='ltr'><strong>sed</strong></span> <span class='ocrx_word' id='word_1_151' title='bbox 1188 2010 1302 2071; x_wconf 89' lang='lat' dir='ltr'><strong>quum,</strong></span> 
     </span>
     <span class='ocr_line' id='line_1_19' title="bbox 218 2087 1301 2172; baseline 0.001 -23"><span class='ocrx_word' id='word_1_152' title='bbox 218 2087 308 2150; x_wconf 86' lang='lat' dir='ltr'><strong>finita</strong></span> <span class='ocrx_word' id='word_1_153' title='bbox 324 2088 552 2172; x_wconf 84' lang='lat' dir='ltr'><strong>impressione,</strong></span> <span class='ocrx_word' id='word_1_154' title='bbox 584 2089 845 2172; x_wconf 82' lang='lat' dir='ltr'><strong>Rehdigeranum</strong></span> <span class='ocrx_word' id='word_1_155' title='bbox 866 2089 1012 2151; x_wconf 90' lang='lat' dir='ltr'><strong>codicem</strong></span> <span class='ocrx_word' id='word_1_156' title='bbox 1031 2088 1188 2150; x_wconf 87' lang='lat' dir='ltr'><strong>utendum</strong></span> <span class='ocrx_word' id='word_1_157' title='bbox 1206 2109 1301 2150; x_wconf 86' lang='lat' dir='ltr'><strong>acce·</strong></span> 
     </span>
     <span class='ocr_line' id='line_1_20' title="bbox 186 2180 1301 2273; baseline -0.001 -26"><span class='ocrx_word' id='word_1_158' title='bbox 186 2244 187 2247; x_wconf 74' lang='grc'>,</span> <span class='ocrx_word' id='word_1_159' title='bbox 215 2180 331 2273; x_wconf 85' lang='lat' dir='ltr'><strong>pisset,</strong></span> <span class='ocrx_word' id='word_1_160' title='bbox 371 2208 408 2249; x_wconf 87' lang='lat' dir='ltr'><strong>ea</strong></span> <span class='ocrx_word' id='word_1_161' title='bbox 433 2211 515 2271; x_wconf 88' lang='lat' dir='ltr'><strong>quae</strong></span> <span class='ocrx_word' id='word_1_162' title='bbox 536 2189 712 2272; x_wconf 81' lang='lat' dir='ltr'><strong>interpres,</strong></span> <span class='ocrx_word' id='word_1_163' title='bbox 747 2189 813 2258; x_wconf 79' lang='lat' dir='ltr'><strong>sive</strong></span> <span class='ocrx_word' id='word_1_164' title='bbox 836 2197 968 2272; x_wconf 87' lang='lat' dir='ltr'><strong>propter</strong></span> <span class='ocrx_word' id='word_1_165' title='bbox 990 2187 1111 2251; x_wconf 89' lang='lat' dir='ltr'><strong>codicis</strong></span> <span class='ocrx_word' id='word_1_166' title='bbox 1135 2185 1301 2249; x_wconf 85' lang='lat' dir='ltr'><strong>defectum</strong></span> 
     </span>
     <span class='ocr_line' id='line_1_21' title="bbox 218 2287 1298 2370; baseline 0.001 -23"><span class='ocrx_word' id='word_1_167' title='bbox 218 2287 286 2362; x_wconf 79' lang='lat' dir='ltr'><strong>sive</strong></span> <span class='ocrx_word' id='word_1_168' title='bbox 311 2287 352 2350; x_wconf 91' lang='lat' dir='ltr'><strong>ob</strong></span> <span class='ocrx_word' id='word_1_169' title='bbox 379 2287 456 2350; x_wconf 79' lang='lat' dir='ltr'><strong>alins</strong></span> <span class='ocrx_word' id='word_1_170' title='bbox 479 2288 587 2351; x_wconf 90' lang='lat' dir='ltr'><strong>nescio</strong></span> <span class='ocrx_word' id='word_1_171' title='bbox 604 2310 682 2370; x_wconf 88' lang='lat' dir='ltr'><strong>quas</strong></span> <span class='ocrx_word' id='word_1_172' title='bbox 707 2288 858 2366; x_wconf 84' lang='lat' dir='ltr'><strong>rationes,</strong></span> <span class='ocrx_word' id='word_1_173' title='bbox 883 2287 1049 2366; x_wconf 87' lang='lat' dir='ltr'><strong>omiserat,</strong></span> <span class='ocrx_word' id='word_1_174' title='bbox 1082 2287 1194 2350; x_wconf 73' lang='lat' dir='ltr'><strong>vertit:</strong></span> <span class='ocrx_word' id='word_1_175' title='bbox 1230 2305 1298 2348; x_wconf 83' lang='lat' dir='ltr'><strong>noo</strong></span> 
     </span>
     <span class='ocr_line' id='line_1_22' title="bbox 218 2385 1298 2470; baseline -0.002 -24"><span class='ocrx_word' id='word_1_176' title='bbox 218 2387 328 2470; x_wconf 87' lang='lat' dir='ltr'><strong>paucis</strong></span> <span class='ocrx_word' id='word_1_177' title='bbox 344 2387 424 2450; x_wconf 90' lang='lat' dir='ltr'><strong>locis</strong></span> <span class='ocrx_word' id='word_1_178' title='bbox 445 2389 541 2470; x_wconf 87' lang='lat' dir='ltr'><strong>plane</strong></span> <span class='ocrx_word' id='word_1_179' title='bbox 564 2387 709 2449; x_wconf 87' lang='lat' dir='ltr'><strong>insanam</strong></span> <span class='ocrx_word' id='word_1_180' title='bbox 732 2386 911 2449; x_wconf 75' lang='lat' dir='ltr'><strong>versionem</strong></span> <span class='ocrx_word' id='word_1_181' title='bbox 932 2387 1066 2450; x_wconf 86' lang='lat' dir='ltr'><strong>meliore</strong></span> <span class='ocrx_word' id='word_1_182' title='bbox 1088 2385 1237 2450; x_wconf 79' lang='lat' dir='ltr'><strong>mutavit:</strong></span> <span class='ocrx_word' id='word_1_183' title='bbox 1261 2404 1298 2445; x_wconf 89' lang='lat' dir='ltr'><strong>ea</strong></span> 
     </span>
     <span class='ocr_line' id='line_1_23' title="bbox 218 2485 1299 2573; baseline -0.001 -27"><span class='ocrx_word' id='word_1_184' title='bbox 218 2486 325 2546; x_wconf 90' lang='lat' dir='ltr'><strong>omnia</strong></span> <span class='ocrx_word' id='word_1_185' title='bbox 345 2487 411 2549; x_wconf 63' lang='lat' dir='ltr'><strong>sulsv</strong></span> <span class='ocrx_word' id='word_1_186' title='bbox 426 2490 524 2549; x_wconf 86' lang='lat' dir='ltr'><strong>finem</strong></span> <span class='ocrx_word' id='word_1_187' title='bbox 546 2486 756 2570; x_wconf 81' lang='lat' dir='ltr'><strong>praelationis</strong></span> <span class='ocrx_word' id='word_1_188' title='bbox 772 2486 909 2550; x_wconf 85' lang='lat' dir='ltr'><strong>collecta</strong></span> <span class='ocrx_word' id='word_1_189' title='bbox 922 2487 1110 2573; x_wconf 85' lang='lat' dir='ltr'><strong>proposuit:</strong></span> <span class='ocrx_word' id='word_1_190' title='bbox 1131 2485 1299 2568; x_wconf 77' lang='lat' dir='ltr'><strong>Agatdians</strong></span> 
     </span>
     <span class='ocr_line' id='line_1_24' title="bbox 217 2585 1283 2669; baseline 0.008 -28"><span class='ocrx_word' id='word_1_191' title='bbox 217 2585 440 2669; x_wconf 81' lang='lat' dir='ltr'><strong>interpolatum</strong></span> <span class='ocrx_word' id='word_1_192' title='bbox 456 2585 628 2669; x_wconf 87' lang='lat' dir='ltr'><strong>inscripsit.</strong></span> <span class='ocrx_word' id='word_1_193' title='bbox 1150 2641 1152 2646; x_wconf 73' lang='grc'>,</span> <span class='ocrx_word' id='word_1_194' title='bbox 1280 2596 1283 2598; x_wconf 76' lang='grc'><strong>’</strong></span> 
     </span>
     <span class='ocr_line' id='line_1_25' title="bbox 299 2682 1298 2769; baseline 0 -25"><span class='ocrx_word' id='word_1_195' title='bbox 299 2684 426 2745; x_wconf 89' lang='lat' dir='ltr'><strong>Bellum</strong></span> <span class='ocrx_word' id='word_1_196' title='bbox 442 2685 601 2764; x_wconf 89' lang='lat' dir='ltr'><strong>Bntilini,</strong></span> <span class='ocrx_word' id='word_1_197' title='bbox 631 2686 771 2768; x_wconf 87' lang='lat' dir='ltr'><strong>primum</strong></span> <span class='ocrx_word' id='word_1_198' title='bbox 793 2684 911 2748; x_wconf 90' lang='lat' dir='ltr'><strong>librum</strong></span> <span class='ocrx_word' id='word_1_199' title='bbox 934 2685 1109 2769; x_wconf 80' lang='lat' dir='ltr'><strong>Agathiae,</strong></span> <span class='ocrx_word' id='word_1_200' title='bbox 1143 2682 1298 2748; x_wconf 88' lang='lat' dir='ltr'><strong>secundi-</strong></span> 
     </span>
     <span class='ocr_line' id='line_1_26' title="bbox 215 2783 1296 2872; baseline 0.003 -30"><span class='ocrx_word' id='word_1_201' title='bbox 215 2802 278 2864; x_wconf 91' lang='lat' dir='ltr'><strong>que</strong></span> <span class='ocrx_word' id='word_1_202' title='bbox 298 2783 443 2859; x_wconf 84' lang='lat' dir='ltr'><strong>initium,</strong></span> <span class='ocrx_word' id='word_1_203' title='bbox 473 2805 606 2867; x_wconf 84' lang='lat' dir='ltr'><strong>magnus</strong></span> <span class='ocrx_word' id='word_1_204' title='bbox 623 2786 756 2872; x_wconf 64' lang='lat' dir='ltr'><strong>Grotius</strong></span> <span class='ocrx_word' id='word_1_205' title='bbox 779 2787 876 2850; x_wconf 84' lang='lat' dir='ltr'><strong>vertit</strong></span> <span class='ocrx_word' id='word_1_206' title='bbox 898 2786 931 2847; x_wconf 91' lang='lat' dir='ltr'><strong>in</strong></span> <span class='ocrx_word' id='word_1_207' title='bbox 951 2787 1090 2849; x_wconf 80' lang='lat' dir='ltr'><strong>Historia</strong></span> <span class='ocrx_word' id='word_1_208' title='bbox 1106 2784 1296 2863; x_wconf 86' lang='lat' dir='ltr'><strong>Gothorum,</strong></span> 
     </span>
    </p>
   </div>
   <div class='ocr_carea' id='block_1_3' title="bbox 96 2881 1297 2968">
    <p class='ocr_par' dir='ltr' id='par_1_3' title="bbox 96 2881 1297 2968">
     <span class='ocr_line' id='line_1_27' title="bbox 96 2881 1297 2968; baseline 0.006 -23"><span class='ocrx_word' id='word_1_209' title='bbox 96 2884 101 2890; x_wconf 53' lang='lat'><em>⁴</em></span> <span class='ocrx_word' id='word_1_210' title='bbox 214 2881 436 2945; x_wconf 80' lang='lat' dir='ltr'><strong>vandalorum</strong></span> <span class='ocrx_word' id='word_1_211' title='bbox 462 2892 495 2944; x_wconf 83' lang='lat' dir='ltr'><strong>et</strong></span> <span class='ocrx_word' id='word_1_212' title='bbox 517 2883 818 2966; x_wconf 83' lang='lat' dir='ltr'><strong>Longobardorum,</strong></span> <span class='ocrx_word' id='word_1_213' title='bbox 846 2886 1196 2968; x_wconf 66' lang='lat' dir='ltr'><strong>Amstelod.1655;83=</strong></span> <span class='ocrx_word' id='word_1_214' title='bbox 1225 2903 1297 2944; x_wconf 66' lang='lat' dir='ltr'><strong>eam</strong></span> 
     </span>
    </p>
   </div>
   <div class='ocr_carea' id='block_1_4' title="bbox 213 2979 1298 3069">
    <p class='ocr_par' dir='ltr' id='par_1_4' title="bbox 213 2979 1298 3069">
     <span class='ocr_line' id='line_1_28' title="bbox 213 2979 1298 3069; baseline 0.009 -30"><span class='ocrx_word' id='word_1_215' title='bbox 213 2979 395 3043; x_wconf 77' lang='lat' dir='ltr'><strong>versionem</strong></span> <span class='ocrx_word' id='word_1_216' title='bbox 418 2981 491 3044; x_wconf 92' lang='lat' dir='ltr'><strong>loco</strong></span> <span class='ocrx_word' id='word_1_217' title='bbox 506 2983 728 3046; x_wconf 87' lang='lat' dir='ltr'><strong>Vulcanianae</strong></span> <span class='ocrx_word' id='word_1_218' title='bbox 754 3007 818 3047; x_wconf 91' lang='lat' dir='ltr'><strong>non</strong></span> <span class='ocrx_word' id='word_1_219' title='bbox 841 2985 997 3069; x_wconf 85' lang='lat' dir='ltr'><strong>posuisse,</strong></span> <span class='ocrx_word' id='word_1_220' title='bbox 1020 2996 1179 3069; x_wconf 81' lang='lat' dir='ltr'><strong>quatenus</strong></span> <span class='ocrx_word' id='word_1_221' title='bbox 1195 2991 1298 3068; x_wconf 76' lang='lat' dir='ltr'><strong>patet,</strong></span> 
     </span>
    </p>
   </div>
   <div class='ocr_carea' id='block_1_5' title="bbox 65 3057 1297 3165">
    <p class='ocr_par' dir='ltr' id='par_1_5' title="bbox 65 3057 1297 3165">
     <span class='ocr_line' id='line_1_29' title="bbox 65 3057 1297 3165; baseline 0.008 -31"><span class='ocrx_word' id='word_1_222' title='bbox 65 3057 71 3068; x_wconf 29' lang='grc' dir='ltr'>Β</span> <span class='ocrx_word' id='word_1_223' title='bbox 97 3131 100 3134; x_wconf 77' lang='grc'><strong><em>,</em></strong></span> <span class='ocrx_word' id='word_1_224' title='bbox 212 3075 291 3139; x_wconf 89' lang='lat' dir='ltr'><strong>licet</strong></span> <span class='ocrx_word' id='word_1_225' title='bbox 310 3078 427 3143; x_wconf 90' lang='lat' dir='ltr'><strong>deinde</strong></span> <span class='ocrx_word' id='word_1_226' title='bbox 452 3080 492 3143; x_wconf 84' lang='lat' dir='ltr'><strong>ad</strong></span> <span class='ocrx_word' id='word_1_227' title='bbox 511 3080 655 3164; x_wconf 84' lang='lat' dir='ltr'><strong>peiorem</strong></span> <span class='ocrx_word' id='word_1_228' title='bbox 673 3083 878 3148; x_wconf 88' lang='lat' dir='ltr'><strong>redeundum</strong></span> <span class='ocrx_word' id='word_1_229' title='bbox 898 3085 1026 3165; x_wconf 88' lang='lat' dir='ltr'><strong>fuisset,</strong></span> <span class='ocrx_word' id='word_1_230' title='bbox 1047 3085 1131 3148; x_wconf 86' lang='lat' dir='ltr'><strong>male</strong></span> <span class='ocrx_word' id='word_1_231' title='bbox 1146 3098 1297 3164; x_wconf 85' lang='lat' dir='ltr'><strong>me-poe·</strong></span> 
     </span>
    </p>
   </div>
   <div class='ocr_carea' id='block_1_6' title="bbox 212 3175 302 3238">
    <p class='ocr_par' dir='ltr' id='par_1_6' title="bbox 212 3175 302 3238">
     <span class='ocr_line' id='line_1_30' title="bbox 212 3175 302 3238; baseline 0.044 -4"><span class='ocrx_word' id='word_1_232' title='bbox 212 3175 302 3238; x_wconf 86' lang='lat' dir='ltr'><strong>nitet.</strong></span> 
     </span>
    </p>
   </div>
   <div class='ocr_carea' id='block_1_7' title="bbox 211 3276 1294 3464">
    <p class='ocr_par' dir='ltr' id='par_1_7' title="bbox 211 3276 1294 3464">
     <span class='ocr_line' id='line_1_31' title="bbox 293 3276 1294 3366; baseline 0.009 -30"><span class='ocrx_word' id='word_1_233' title='bbox 293 3276 380 3340; x_wconf 89' lang='lat' dir='ltr'><strong>Haec</strong></span> <span class='ocrx_word' id='word_1_234' title='bbox 398 3278 561 3344; x_wconf 88' lang='lat' dir='ltr'><strong>hacteuus.</strong></span> <span class='ocrx_word' id='word_1_235' title='bbox 588 3281 669 3343; x_wconf 87' lang='lat' dir='ltr'><strong>Nam</strong></span> <span class='ocrx_word' id='word_1_236' title='bbox 684 3283 724 3345; x_wconf 90' lang='lat' dir='ltr'><strong>de</strong></span> <span class='ocrx_word' id='word_1_237' title='bbox 735 3282 930 3366; x_wconf 80' lang='lat' dir='ltr'><strong>Anthologia</strong></span> <span class='ocrx_word' id='word_1_238' title='bbox 946 3279 1102 3366; x_wconf 80' lang='lat' dir='ltr'><strong>Agathiae</strong></span> <span class='ocrx_word' id='word_1_239' title='bbox 1126 3278 1294 3363; x_wconf 88' lang='lat' dir='ltr'><strong>disserere,</strong></span> 
     </span>
     <span class='ocr_line' id='line_1_32' title="bbox 211 3370 1232 3464; baseline 0.012 -28"><span class='ocrx_word' id='word_1_240' title='bbox 211 3370 252 3437; x_wconf 74' lang='lat' dir='ltr'><strong>ab</strong></span> <span class='ocrx_word' id='word_1_241' title='bbox 273 3373 336 3439; x_wconf 91' lang='lat' dir='ltr'><strong>hoc</strong></span> <span class='ocrx_word' id='word_1_242' title='bbox 358 3377 432 3443; x_wconf 90' lang='lat' dir='ltr'><strong>loco</strong></span> <span class='ocrx_word' id='word_1_243' title='bbox 453 3381 598 3464; x_wconf 87' lang='lat' dir='ltr'><strong>meisque</strong></span> <span class='ocrx_word' id='word_1_244' title='bbox 624 3381 803 3446; x_wconf 84' lang='lat' dir='ltr'><strong>rationibus</strong></span> <span class='ocrx_word' id='word_1_245' title='bbox 822 3380 958 3447; x_wconf 83' lang='lat' dir='ltr'><strong>maxime</strong></span> <span class='ocrx_word' id='word_1_246' title='bbox 974 3382 1062 3446; x_wconf 86' lang='lat' dir='ltr'><strong>foret</strong></span> <span class='ocrx_word' id='word_1_247' title='bbox 1078 3376 1232 3449; x_wconf 80' lang='lat' dir='ltr'><strong>alienum.</strong></span> 
     </span>
    </p>
   </div>
   <div class='ocr_carea' id='block_1_8' title="bbox 0 0 1374 4816">
    <p class='ocr_par' dir='ltr' id='par_1_8' title="bbox 0 0 1374 4816">
     <span class='ocr_line' id='line_1_33' title="bbox 0 0 1374 4816; baseline 0 4"><span class='ocrx_word' id='word_1_248' title='bbox 0 0 1374 4816; x_wconf 95' lang='lat' dir='ltr'><strong> </strong></span> 
     </span>
    </p>
   </div>
  </div>
 </body>
</html>
