2738 4816
283 742 1212 884 'avuacau11aa1sroaa

325 1275 622 1329 ratramnus
655 1274 1056 1342 anenlsslnnsous
1087 1276 1211 1327 tuus

481 1378 1055 1510 osclaraus

212 1581 214 1588 ’
263 1594 681 1693 uonnsaaraa
720 1629 792 1690 aa
825 1601 1278 1711 wasrrarsra'a,

480 1774 671 1825 DOMINI&
707 1773 1048 1825 POTENTISSIMIS.

229 2017 333 2124 Cum
353 2052 459 2117 variae
482 2051 547 2113 sint
565 2059 645 2113 artes
664 2072 702 2112 ac
727 2048 902 2128 scientiae,
932 2049 1076 2112 societati
1098 2053 1223 2136 generis
1245 2054 1311 2116 hu.

227 2159 314 2222 mani
333 2158 555 2223 conducibiles
576 2179 612 2220 ac
636 2157 852 2236 necessariae,
877 2158 1024 2220 Illustres
1048 2161 1311 2245 Amplissimique

228 2261 321 2338 Viri,
356 2261 525 2321 maximam
552 2258 697 2342 profecto
725 2257 854 2319 laudem
879 2266 1043 2318 sacrentur
1069 2259 1090 2318 ii
1116 2261 1171 2342 qui
1194 2262 1233 2323 ad
1257 2285 1311 2324 eas

227 2359 454 2444 perdiscendas
486 2368 519 2421 et
553 2359 593 2420 sd
620 2357 783 2441 publicam
814 2356 985 2418 utilitatem
1024 2350 1311 2423 accommodandas

227 2481 325 2522 omne
354 2481 448 2521 sunm
477 2456 619 2521 studium
643 2467 739 2540 atque
764 2477 894 2539 operam
924 2458 1106 2524 conserunt.
1159 2461 1313 2522 Proxima

227 2567 275 2620 est
297 2578 409 2619 eorum
434 2557 505 2618 laus
530 2577 668 2639 quorum
693 2553 784 2618 lalior
809 2555 912 2617 omnis
940 2568 1036 2639 atque
1057 2558 1213 2621 industria
1237 2582 1315 2622 ver-v

227 2664 316 2718 satur
336 2656 369 2716 in
389 2655 510 2737 linguis
525 2654 779 2739 authoribusqne
797 2656 916 2740 quibus
933 2656 1008 2719 illae
1028 2657 1113 2742 ipsae
1135 2668 1216 2720 artes
1236 2666 1313 2720 sunt

226 2763 384 2819 tractatae
413 2754 572 2838 nobisque
595 2755 730 2818 traditae
756 2746 945 2819 excolendis
971 2767 1067 2840 atque
1100 2757 1312 2838 illustrandis,

228 2856 352 2940 quique
369 2855 424 2925 ¹vel
446 2865 577 2918 veteres
596 2856 768 2940 scriptores
793 2858 934 2919 Graecos
958 2878 976 2918 e
999 2857 1064 2920 situ
1091 2866 1123 2920 et
1148 2857 1312 2939 squallore

228 2965 350 3018 eruunt
371 2964 405 3017 et
430 2954 465 3016 in
491 2955 808 3039 lucem,proferuat,
839 2958 890 3019 vel
910 2959 971 3018 iam
994 2967 1087 3018 antea
1109 2956 1228 3033 editos,
1255 2957 1311 3039 sed

124 3084 128 3087 ·
229 3055 374 3118 male-ab
392 3055 536 3120 indoctis
556 3057 782 3141 interpretibus
801 3057 943 3135 habitos,
979 3059 1157 3138 relingsrnt,
1186 3064 1218 3115 et
1242 3056 1312 3138 pri-

228 3151 315 3217 stino
334 3175 456 3237 suoque
476 3156 575 3217 nitori
596 3157 835 3240 integritatique
853 3157 1033 3222 restituunt.
1072 3155 1164 3232 Quod
1180 3153 1313 3236 quidem

228 3252 371 3314 studium
394 3253 519 3334 tametsi
537 3253 579 3315 ola
599 3255 748 3338 exiguam
764 3275 847 3337 quae
870 3256 947 3315 inde
968 3254 1098 3336 affulget
1119 3254 1202 3325 lucri
1222 3275 1314 3336 spem

228 3372 406 3438 perpaucos
434 3352 536 3414 hodie·
551 3350 647 3415 habet
667 3363 841 3416 sectatores
859 3353 1019 3436 (plerique
1044 3352 1131 3413 enim
1151 3374 1204 3414 eas
1228 3363 1313 3414 artes

229 3460 410 3533 sequuntur
437 3473 454 3518 e
478 3452 595 3534 quihus
614 3450 718 3515 l'acilis
740 3461 788 3514 est
815 3453 854 3520 ad
878 3473 953 3534 opes
978 3451 1163 3514 ethonores
1188 3458 1313 3529 cursus)

228 3550 307 3611 mihi
322 3559 447 3630 tamen,
476 3550 532 3634 qui
548 3550 728 3612 studiorum
747 3551 934 3634 dignitatem
952 3564 1016 3612 non¹
1033 3549 1158 3634 privato
1176 3559 1313 3632 quaestu

227 3651 284 3711 sed
306 3649 433 3732 publica
450 3650 590 3712 utilitate
612 3649 718 3712 metiri
742 3651 849 3730 soleo,
882 3650 1015 3714 mirilice
1037 3671 1163 3734 semper
1180 3650 1314 3734 placuit.

228 3749 406 3811 Utilitatem
428 3771 507 3813 vern
528 3771 624 3834 quam
643 3749 708 3812 hoc
728 3750 828 3813 studii
846 3772 946 3832 genus
961 3772 1071 3812 secum
1095 3750 1194 3813 trahit
1213 3749 1313 3832 longe

227 3852 402 3910 rna-xlmam·
416 3849 488 3933 qais
511 3849 648 3912 obsecro*
664 3859 712 3912 est
725 3848 806 3912 adeo
828 3850 920 3913 rudis
938 3850 1021 3910 utin
1045 3851 1179 3913 dubium
1199 3853 1313 3912 vocet?

227 3951 262 4013 Si
283 3948 370 4012 enim
393 3949 456 4014 hoc
480 3951 515 4013 in
536 3951 683 4014 confesso
706 3960 812 4013 estex
831 3959 977 4013 veterum
993 3953 1189 4014 Graecorum
1210 3948 1315 4010 fonti-

226 4047 495 4113 busdostrinam
516 4071 644 4113 omnem
673 4071 741 4112 esse
769 4049 994 4123 hauriendam
1032 4051 1107 4133 quis
1134 4069 1198 4110 non
1224 4048 1316 4111 videt

209 4147 342 4238 ¹quanti
363 4147 490 4214 intersit
507 4157 543 4218 ut
566 4148 617 4213 illi
626 4149 701 4237 ipsi
713 4151 819 4217 sontes
837 4150 911 4236 puri
934 4160 1031 4237 atque
1048 4149 1166 4213 illimes
1183 4168 1313 4214 conser-
