2730 4816
407 205 715 318 ‘nnsroamaun
743 259 783 319 ιι.
809 262 859 327 ιο.
1124 260 1174 343 91

100 401 192 479 γένος
212 395 269 462 καί
285 401 442 481 μέγιστον,
480 402 536 464 καί
554 403 624 465 λίαν
643 396 747 487 ὀρθῶς
765 427 803 466 τα
825 390 974 484 πολεμικδ
997 403 1326 490 ἦσκημένον,Δ.0.553’·

92 494 267 582 ἀπόμοιρα
289 499 325 562 δέ
343 521 392 575 τις
411 492 515 566 αῦτιῦν
537 500 567 564 οῖ
586 504 776 585 νενικημένοι
795 505 948 587 βραχεῖα,
985 502 1040 568 καί
1058 501 1113 589 όση
1132 505 1178 591 μη
1188 496 1207 546 ¹·
1219 496 1278 564 107
1331 512 1336 527 '

87 598 174 673 δέος
194 593 303 672 αδτοῖς
321 599 484 680 ἐμβαλεῖν,
520 601 641 679 μᾶλλον
659 602 719 681 μὲν
737 592 794 665 σόν
821 601 876 665 καί
893 598 972 683 πρός
993 599 1089 688 όρνὴν
1107 605 1184 671 οἰνα-

80 697 232 780 στῆσαι.
284 686 398 761 οῦκουν
430 694 512 772 εἰκός
535 692 651 774 αῦτοός
669 696 852 783 ἠρεμήσειν,
889 694 963 766 οῦδὲ
982 705 1123 778 καθόξειν
1149 706 1210 770 tan
1288 697 1289 700 ¹

42 791 270 884 Εᾶποῤῥὴτρι
290 793 349 880 τὴν
368 789 472 878 ῦβριν,
497 789 577 860 ἄλλό
596 798 713 860 πλείονι
733 799 858 887 στρατῷ
871 803 944 862 καθ’
957 798 1046 884 ἡμῶν
1065 795 1186 886 ἥξουσι,

78 896 157 958 καί
178 893 237 955 οῦκ
258 895 295 970 ε’ς·
317 891 443 989 μακρὰν
463 893 711 977 διαμαχοῦνται.
749 897 806 960 νῦν
826 889 885 961 οόν
905 895 1011 979 ὑμεῖς,
1043 897 1073 961 εἰ
1092 899 1186 980 δοκεῖ,

75 993 256 1076 παρέντες
275 988 333 1075 τὴν
354 990 534 1078 ῥᾳθυμίαν,
567 991 790 1058 nomentanam
808 991 844 1058 τό
863 997 1077 1081 φιλοκίνδυνον
1093 997 1192 1061 πλέον

75 1083 118 1173 ἢ
136 1085 301 1175 πρότερον,
318 1082 380 1177 όσῳ
396 1093 450 1155 καὶ
462 1093 591 1172 μείζονα
607 1094 669 1156 τιόν
680 1091 872 1180 φθασάντων
886 1090 927 1157 τό
943 1091 1075 1176 ἐσόμενα
1090 1117 1186 1178 προσ-

79 1187 263 1270 δοκητὲον.
305 1183 386 1252 odom
406 1188 467 1275 γὰρ
489 1189 580 1271 ῦμιῦν
600 1191 838 1270 διατελούντων,
865 1193 972 1273 εἰμὲν
992 1192 1035 1268 ὥς
1054 1192 1186 1275 τάχιοτα

17 1280 253 1372 ιοπαρεῖεν,
281 1285 337 1351 καὶ
350 1285 388 1372 δὴ
407 1284 709 1373 παρεσκευασμένοις
722 1290 799 1370 όμῖν
818 1292 1031 1375 προσβαλοῦσι
1046 1295 1102 1359 καί
1112 1288 1188 1367 οἵοις

76 1386 285 1470 μελλήσεως
301 1385 346 1470 μὴ
362 1390 578 1473 προσδεῖσθαι.
601 1391 632 1452 εἰ
647 1392 682 1452 δὲ
699 1390 754 1452 καί
768 1390 963 1454 παντάπασιν
975 1392 1099 1473 ε’νδοίεν,
1126 1394 1188 1478 (εἰ-

81 1483 218 1569 ρήσθω
234 1481 294 1568 γόρ
309 1476 432 1574 ἄμφω)
455 1485 535 1577 δλλό
558 1486 593 1550 τό
614 1510 650 1570 γε
664 1483 815 1571 ῦμέτερον
835 1489 869 1551 ἒν
886 1487 1027 1572 domnici
1041 1493 1187 1570 κείσεται,

81 1580 158 1649 καί
185 1583 226 1651 τό
254 1581 405 1668 κράτιστα
434 1583 554 1667 δόξαιτε
584 1578 624 1653 όν
654 1587 908 1667 βεβουλεῦσθαι.”
960 1590 1097 1651 Τοιαῦτα
1129 1584 1186 1652 τοῦ
1193 1606 1215 1660 c

88 1684 241 1769 ,Ναρσοῦ
262 1687 523 1769 παραινέσαντος,
558 1682 654 1758 αἰδοῦς
674 1679 797 1775 ἅπαντα
816 1693 958 1766 κατεῖχεν
977 1682 1034 1748 τόν
1052 1682 1188 1770 στρατόν

22 1781 281 1863 ιόμεταμέλον
303 1781 409 1858 αὐτοῖς
423 1785 478 1866 τῆς
495 1785 668 1868 παροινίας.
696 1780 751 1848 καί
769 1780 797 1846 oi
812 1784 871 1862 μὲν
888 1780 923 1846 τό
941 1785 1066 1865 ἐκμελές
1086 1807 1120 1848 τε
1136 1781 1194 1848 καί

96 1881 336 1946 ἀκολασταῖνον
355 1881 410 1964 τῆς
428 1877 552 1964 γνώμης
571 1874 790 1963 ἆποβαλόντες,
812 1878 898 1956 σ’ς’τόι
915 1880 1034 1967 πότρια
1053 1873 1117 1967 ἤδη
1132 1905 1191 1964 με·

61 2048 64 2050 ,
94 1984 323 2063 τεκοσμοῦντο.
883 1963 887 1973 ¹

188 2076 237 2162 sy'.
275 2079 477 2163 Ἀποδασμός
510 2084 546 2146 δὲ
565 2083 629 2146 τεόν
648 2083 679 2145 Γ
677 2081 779 2144 indua
807 2082 841 2156 ἒς
859 2075 1112 2164 ἑπτακισχιλίους
1135 2069 1191 2144 όν·
1256 2066 1257 2069 ¹

94 2179 185 2264 δρας
204 2181 365 2260 μαχίμους
386 2180 630 2266 ἀποκεκριμένοι,
659 2179 692 2245 οἲ
706 2178 745 2263 δὴ
761 2178 929 2262 ἐτόγχανον
947 2182 1106 2261 πολλαχοῦ
1127 2188 1192 2255 τοῖς

28 2273 266 2361 αΕ’(Αίλρόιγγοις
279 2278 592 2365 προσβεβοηθηκότες,
613 2277 804 2361 λογιζόμενοι
826 2278 869 2354 οῦς
893 2278 950 2341 οῦκ
967 2277 1137 2360 διήσουσιν
1161 2273 1192 2339 οἶ

86 2371 278 2458 Ῥωμαῖοι,
299 2376 365 2441 ἀλλ’
380 2369 442 2462 ἤδη
458 2381 591 2461 καὶτοῖς
606 2377 662 2441 οῦκ
681 2380 714 2453 ἐς
727 2375 854 2463 μακρόν
873 2377 1092 2440 ἐπιπεσοῦνται
1100 2425 1110 2456 ,
1131 2375 1192 2438 αό-

1337 1352 1344 1376 l

180 2528 204 2573 ι.
222 2498 257 2561 roi
271 2507 414 2599 πολεμικοὶ
428 2530 508 2582 marg.
521 2499 560 2577 RZ,
577 2501 612 2583 toi
626 2513 751 2582 πολέμια
763 2511 833 2580 vulg.
901 2512 927 2566 5.
943 2509 1008 2561 καθ’
1022 2509 1103 2580 ἡμῶν
1115 2509 1143 2559 ll.
1160 2517 1188 2561 et

175 2580 271 2649 Iutpr,
287 2586 343 2634 καθ
361 2581 443 2652 δμῶν
456 2584 524 2652 vulg.
594 2587 618 2639 8.
635 2580 705 2633 ὅσον
714 2584 745 2637 R.
818 2581 1148 2651 ιο.“παρασκευαοιιένοις
1160 2582 1192 2637 R.

180 2654 317 2719 12.lntpr.
333 2667 446 2717 πόντιος
461 2654 539 2703 male.
637 2656 674 2707 13.
688 2650 783 2715 δόξητε
799 2652 827 2702 ll.
915 2665 952 2721 19
967 2649 1191 2720 εἰποκεκριμένοι

174 2723 217 2783 ll,
234 2718 459 2793 ἀποκεκριμένος
472 2725 543 2792 vulg.
614 2740 655 2775 no.
668 2722 697 2773 ot
712 2738 762 2773 om.
780 2724 811 2775 R.

103 2856 162 2910 que
186 2848 310 2892 naturam
335 2857 365 2891 ac
390 2847 490 2892 statum
516 2856 578 2891 cum
599 2840 723 2891 consiliis
749 2840 844 2891 vestris
874 2855 1020 2906 congruere
1045 2840 1189 2909 quisquam

103 2911 263 2977 comperiat.
307 2912 470 2961 Francorum
488 2913 561 2962 enim
579 2911 655 2960 natio
678 2916 719 2959 est
734 2908 943 2975 populosissima
961 2915 989 2958 et
1007 2909 1138 2969 maxima,
1162 2914 1191 2958 et

104 2981 231 3049 apprime
251 2981 281 3040 iu
300 2997 328 3033 re
346 2979 445 3042 bellica
464 2981 621 3033 exercitata:
659 2987 687 3030 et
706 2981 775 3029 caesi
798 2995 812 3028 a
836 2976 915 3027 nobis
938 2977 1034 3049 exigua
1058 2978 1191 3047 quaedam
1249 3014 1251 3017 ·

104 3056 185 3099 erant
203 3067 294 3101 eorum
312 3051 420 3118 portio,
445 3059 474 3102 et
491 3048 602 3120 quidem
619 3048 742 3104 tantula,
766 3054 915 3098 ulmetum
933 3048 999 3115 ipsis
1017 3064 1073 3099 non
1091 3047 1126 3098 sit
1143 3049 1192 3097 in'-

102 3121 220 3181 iectura,
239 3119 287 3171 sed
304 3121 395 3189 potius
414 3123 482 3180 iram
500 3120 675 3171 concitatura.
710 3116 865 3168 Verisimile
883 3117 977 3186 ltaque
996 3133 1053 3168 non
1071 3125 1128 3181 est,
1145 3133 1191 3171 eoa

102 3192 321 3258 conquieturoc,
348 3189 649 3262 nequeeontumelinm
667 3187 749 3238 tacite
769 3188 799 3238 in
823 3193 933 3253 pectore
951 3202 1103 3253 pressuros,
1143 3185 1192 3245 aed
1277 3203 1279 3208 ’

102 3261 239 3310 maiorem
259 3261 409 3322 exercitum
428 3262 457 3311 in
477 3277 525 3312 nos
547 3259 691 3319 ducturos,
718 3256 849 3327 brevique
870 3255 973 3308 bellum
991 3255 1186 3328 redintegratu-

104 3347 161 3380 ros.
197 3329 252 3379 Vos
269 3331 362 3400 itaque
380 3348 469 3391 nunc,
496 3331 603 3382 abiecta
620 3328 642 3378 ai
661 3327 751 3395 placet
769 3327 889 3396 ignavia,
909 3329 1058 3380 instaurate
1076 3337 1192 3380 vestram

105 3403 137 3450 in
154 3398 289 3451 adeundis
306 3401 435 3470 periculis
453 3401 560 3452 bellicis
583 3397 762 3458 alacritatem,
790 3413 822 3447 eo
846 3414 928 3467 quam
947 3406 1025 3448 antea
1050 3393 1191 3465 maiorem,
1259 3453 1262 3458 ,

106 3487 164 3538 quo
186 3471 288 3520 maiora
311 3471 466 3538 praeteritis
491 3472 581 3522 sutura
605 3475 669 3519 sunt
687 3467 873 3534 exspectanda.
916 3468 956 3518 Ita
976 3470 1192 3536 enimpcrseve-

105 3539 232 3593 rantibus
250 3540 343 3603 vobis,
372 3543 396 3592 si
414 3540 525 3612 quidem
554 3555 632 3613 quam
657 3539 786 3591 citissime
815 3538 987 3600 advenerint,
1018 3544 1192 3607 praeparatos

105 3627 155 3661 nos
175 3608 314 3661 offendent
331 3612 460 3680 nullaque
477 3627 552 3662 mora
576 3609 738 3680 indigentes.
782 3607 811 3658 Si
840 3624 904 3663 vero
930 3609 1040 3659 omnino
1067 3607 1193 3657 tardave-

107 3681 165 3732 rint
182 3679 339 3750 (utrumque
360 3682 432 3733 enim
450 3679 595 3732 dicendum
616 3678 668 3748 est)
686 3686 790 3732 vestrae
808 3686 901 3730 tamen
924 3694 966 3728 res
986 3678 1092 3728 intuto
1114 3683 1194 3727 erunt

107 3749 270 3810 collocatae,
306 3758 334 3801 et
358 3767 438 3825 quam
461 3752 563 3819 optime
586 3748 663 3801 vobis
692 3745 1070 3802 consuluisse'videbimini''
1114 3747 1194 3797 Talia

108 3828 238 3872 monente
261 3819 392 3884 Narsete,
430 3822 519 3898 pudor
542 3821 698 3872 universum
724 3818 872 3871 exercitum
898 3817 1010 3877 invasit,
1042 3822 1070 3866 et
1094 3817 1194 3884 prioris

106 3891 234 3941 vesaniae
253 3889 413 3958 poenitudo.
457 3891 547 3961 Atque
570 3889 601 3942 hi
624 3887 735 3959 quidem
756 3888 921 3958 negligentia
945 3884 1124 3956 socordiaque
1142 3888 1195 3938 ab·

110 3961 180 4011 iecta
197 3959 231 4010 ad
249 3961 351 4035 patrios
369 3977 457 4013 mores
476 3961 623 4013 redierunt.
858 4018 860 4021 ¹

181 4032 223 4082 ιδ.
258 4031 349 4082 Portis
367 4029 579 4102 vcro'quaedam
598 4027 760 4088 Gothorum,
778 4025 812 4077 ad
832 4031 935 4092 septem
952 4022 1114 4077 bellatorum
1132 4026 1195 4078 mil-

110 4095 165 4160 lia,
193 4101 242 4170 qui
260 4100 353 4153 multis
371 4100 401 4152 in
418 4100 485 4162 locis
504 4102 614 4153 Francis
632 4096 734 4150 auxilio
754 4096 875 4156 fuerant,
902 4111 962 4147 cum
979 4110 1069 4147 secum
1085 4103 1195 4164 reputa-¹

114 4178 169 4235 rent
188 4172 323 4235 Romanos
344 4168 401 4234 non
420 4173 625 4252 conquicturos,
648 4166 695 4226 sed
713 4163 875 4240 non-multo
896 4166 1057 4235 pontesiam
1075 4166 1104 4218 in
1123 4167 1194 4244 ipsos

767 4370 772 4394 λ
