2730 4816
392 245 675 314 urssoanuuu
713 249 740 310 1.
756 253 807 319 ιι.
1088 214 1146 320 43

3 393 7 412 ¹
35 426 37 435 ¹
91 399 218 489 λχόρουν,
239 398 299 469 καί
315 397 354 466 οά
370 399 479 491 adripis>
495 405 552 468 τοῦ
569 406 701 489 μετρίου
718 400 776 478 τός
792 398 954 476 ἐπελάσεις
972 399 1183 468 έποιοάντο·Δ.
1198 414 1291 473 αδδς

34 594 35 597 ¹
89 506 120 569 τί
132 525 158 569 τι
178 500 396 588 ἀναχωρήσεις
415 502 525 582 αάτοῑς
549 503 588 568 οά
611 503 856 586 ἀιεσπασμέναι,
875 501 946 566 ἀλλ’
974 501 1010 567 έν
1028 499 1135 591 κόσμῳ
1150 488 1207 544 ¹·1·
1225 489 1261 544 ²⁶

88 604 230 686 έγίγνουτο,
254 602 320 666 τῶν
342 603 404 684 μὲν
431 599 698 690 ὀπισθοφυλάκων
724 603 760 670 έν
782 603 825 691 τῷ
847 601 952 684 ἀέουτι
975 595 1070 688 χοόριρ
1089 621 1148 682 με.

88 697 194 782 υόντων,
211 702 244 778 ἐς
261 702 412 785 πλαίσιον
441 706 478 769 δὲ
507 705 563 789 τῆς
593 702 753 791 φάλαγγος
777 702 985 785 ταττομένης,
1008 697 1065 763 καί
1087 693 1147 785 τήν

32 831 33 834 “
73 799 155 866 ilarius
169 803 200 876 ἒς
210 803 308 883 μέσον
326 800 628 889 ἀπολαμβανούσης,
649 802 693 879 ὥς
714 795 754 868 όν
770 797 960 885 βεβαιότατα
977 796 1171 876 alcaudius-13

86 923 124 966 το.
145 896 218 965 οότω
240 902 277 966 di
299 901 408 968 αάτῶν
430 899 468 967 τό
490 925 525 987 γε
547 907 617 968 κατ’
636 899 742 990 ἀρχάς
765 895 805 968 sd
819 903 954 981 πολέμια
972 898 1078 984 χωρίου
1092 900 1151 959 λυ.

86 1003 267 1082 μαινομένων,
290 997 411 1084 ὀλίγαις
427 997 562 1089 ὕστερον
580 1002 717 1090 ἡμέραις
731 996 854 1066 ἅπαντα
871 997 990 1086 όιέῤῥει
1003 994 1042 1062 τό
1066 1019 1150 1082 πρα-

30 1155 37 1171 ,
88 1100 183 1181 χθέντο
193 1098 246 1164 καί
253 1102 471 1189 ἀνετέτραπτο.
498 1101 678 1190 Φοόλκαρις
696 1100 756 1188 γάρ
773 1100 792 1167 ό
810 1102 873 1167 τῶν
884 1095 1038 1186 Ἔροόλων
1054 1121 1151 1184 orpu-

28 1236 29 1240 ¹
89 1194 160 1281 ῐοίόέ
176 1199 318 1287 ἀνδρείας
339 1203 400 1284 μὲν
414 1200 517 1289 (λη’που
535 1195 595 1289 ἤν,
616 1200 673 1268 καί
696 1196 838 1289 ου’όενότι
860 1202 1011 1281 πολέμιον
1030 1192 1151 1283 ἐπεφό.

0 1289 4 1313 ό
18 1384 22 1395 ρ
63 1298 316 1383 τοκειόειμαιλιειν,
340 1298 467 1388 θρασός
492 1304 529 1368 ol
549 1299 606 1367 καί
625 1299 835 1389 ταραχώδης,
849 1296 906 1363 καί
925 1295 962 1361 τό
981 1292 1152 1384 δραστήρι.

19 1400 21 1402 ’
92 1395 164 1460 οιοά
184 1395 271 1479 μόλω
298 1401 334 1464 έν
361 1401 465 1467 δέοντι
485 1402 689 1488 κεκτημένος,
703 1399 881 1486 στρατηγοῦ
901 1419 938 1462 τε
957 1393 1014 1461 καί
1035 1389 1152 1483 ἡγεμό-

91 1514 130 1568 ⁷⁰5
141 1494 171 1561 ου’
182 1494 215 1562 τό
231 1500 435 1582 enupsisset*
449 1498 632 1579 διατάττειν,
643 1498 700 1585 την
717 1497 863 1587 φάλαγγα
885 1493 1048 1584 γνώρισμα
1068 1489 1151 1559 εἶναι

92 1589 178 1674 ἡγοίτο·
193 1596 268 1661 dell
286 1596 376 1664 εἵπου
394 1597 571 1686 προφανείς
586 1601 622 1665 έν
638 1599 728 1688 μόχη
746 1596 802 1663 καί
817 1594 1067 1686 προαλλόμενος,
1087 1596 1152 1679 θο-

0 1721 20 1778 ,’
92 1690 464 1783 circumlustrantes
482 1700 516 1775 ἐς
536 1695 612 1774 τούς
630 1697 819 1773 ἀντιπάλους
824 1748 835 1780 ,
855 1694 962 1761 ἔπειτα
978 1685 1154 1778 αάτουργὴ-

0 1783 2 1929 ρ
63 1793 139 1858 riusa
154 1791 187 1860 τό
210 1798 365 1880 πολέμια,
394 1797 505 1887 ταύτῃ·
520 1821 556 1882 γε
572 1789 665 1884 ηόχετ
690 1795 745 1863 καί
771 1795 972 1885 ἀβρενθόετο.
1012 1791 1084 1856 τότε
1100 1783 1169 1876 όηο
1220 1808 1222 1817 ’

0 1950 1 1960 ,
94 1878 136 1952 οὖν
146 1891 326 1978 καὶμᾶλλον
338 1898 372 1973 ἀς
390 1898 616 1985 ἀπειροκαλίαν
636 1896 788 1984 ἠρμένος,
809 1891 985 1982 έπιδρομὴν
1008 1895 1042 1968 ές
1057 1886 1151 1975 Πόρ-

4 2001 7 2073 ’Ῐ
91 2007 140 2064 ccv
159 1996 288 2082 ἐποιεῖτο
321 1994 379 2084 τήν
391 1995 493 2065 πόλιν.
521 1995 693 2082 έτόγχανεν
718 1999 755 2064 δὲ
782 1997 804 2082 ἦ
828 1994 955 2083 Πάρμα
991 1989 1063 2058 ἀπό
1087 1992 1151 2056 τάν

93 2085 218 2177 Φοέγγωυ
243 2088 307 2181 ἤδη
332 2099 536 2186 κατεχομένη.
563 2101 722 2186 προσῆκον
749 2099 785 2162 δὲ
808 2091 907 2161 αάτόν
934 2091 1152 2167 κατασκόπους

1 2258 4 2288 r
91 2183 210 2279 “ebreos
219 2196 384 2280 ἐκπέμψαι
400 2193 476 2272 τούς
487 2194 765 2282 γνωματεόσοντας
776 2197 811 2273 ἐς
822 2192 857 2259 τό
875 2194 1004 2281 ἀκριβὲς
1019 2190 1065 2257 πολ
1074 2196 1152 2275 βου-

60 2282 205 2369 λθόῑόματα
223 2297 287 2360 τιὸν
320 2299 496 2380 πολεμίων,
519 2293 601 2362 οὕτω
625 2321 659 2362 τε
682 2298 718 2362 ἐν
741 2292 829 2375 τάξει
854 2295 910 2360 ε’πί
935 2293 1154 2380 προεγνωσμέ.

89 2402 137 2463 7⁰⁶6
157 2393 256 2476 ἰέναι,
278 2393 361 2479 ddi,
394 2401 563 2487 προπετείᾳ
578 2395 660 2486 μόνη
685 2397 742 2462 καί
759 2394 845 2483 όρμῇ
866 2393 1035 2482 παραλόγῳ
1058 2395 1229 2490 πίττα-ρ,19

1 2531 3 2587 s
86 2500 141 2571 νθς,
157 2491 348 2578 ἀπαγόμενος
374 2496 430 2576 ξόυ
454 2498 592 2587 ἀκοσμίρι
616 2495 650 2564 τό
675 2501 737 2563 τῶν
766 2495 922 2583 Ἐροάλωυ
951 2490 1133 2582 στράτευμα
1140 2544 1153 2576 ,

84 2585 127 2652 *αι’
140 2583 252 2672 ἀλλους
269 2593 380 2662 όπόσοι
408 2599 444 2664 ἐκ
468 2601 529 2665 τῶν
550 2599 736 2682 Ῥωμαϊκῶν
757 2593 883 2664 εἵποντό
904 2591 934 2659 οἱ
968 2593 1153 2678 ταγμάτων,

136 2731 158 2783 9.
176 2706 210 2779 ἦν
230 2715 276 2781 ll,
299 2735 354 2773 om.
371 2718 443 2789 vulg.
494 2722 533 2774 13·
544 2721 707 2791 προφανεὶς
724 2719 753 2770 R.
772 2726 801 2771 et
813 2717 912 2789 lugd„
926 2708 1082 2785 προφανάς
1095 2730 1154 2769 var.

134 2783 215 2858 Lugd
237 2795 321 2859 atque
337 2788 403 2841 inde
422 2790 494 2861 vulg.
553 2789 768 2863 προαλλόμενος
784 2792 831 2852 R„
855 2785 1056 2861 προαλιίμενος
1082 2785 1154 2851 vulg.

139 2855 279 2931 15.ταιίτχ
302 2862 349 2924 R„
374 2858 477 2927 ταύτης
500 2862 574 2934 vulg.
648 2865 691 2916 23.
710 2860 782 2914 ἄλλα
800 2863 830 2915 R.
1173 2912 1175 2915 .

78 2982 122 3040 (με
138 2974 167 3026 in
178 2974 294 3028 diversas
307 2984 399 3047 partes
414 2977 537 3048 palantes
552 2977 792 3049 distrahebantur:
813 2974 862 3029 sed
877 2973 987 3028 ordines
1008 2991 1071 3028 suos
1094 2988 1153 3027 ser·

75 3043 169 3110 labant,
189 3047 311 3100 excubiis
326 3049 438 3119 quidem
452 3067 467 3102 a
480 3057 556 3119 tergo
568 3046 735 3119 opportunis
746 3049 776 3100 in
792 3047 859 3099 locis
873 3044 1066 3112 manentibus3
1084 3061 1153 3116 qua-

72 3109 138 3168 drata
158 3134 222 3170 vero
242 3120 301 3171 acie
326 3120 474 3185 instructa,
498 3119 653 3191 praedaque
675 3121 750 3172 omni
776 3119 807 3170 in
828 3117 949 3171 medium
968 3123 1095 3186 recepta,
1122 3122 1155 3174 ut

70 3200 142 3256 quem
156 3189 311 3241 firmissime
329 3193 520 3263 tutissimeque
531 3199 718 3244 asservaretur.
755 3189 796 3242 Ita
807 3206 870 3242 vero
885 3190 954 3258 ipsis
968 3188 1050 3242 initio
1064 3185 1155 3242 hosti-

68 3253 99 3311 lia
113 3259 173 3310 loca
185 3261 398 3329 populantibus,
417 3264 510 3332 paucis
534 3268 598 3332 post
618 3262 715 3315 diebus
736 3261 828 3313 omnia
845 3263 875 3313 in
895 3259 1060 3312 contrarium
1078 3275 1157 3311 versa

66 3331 287 3397 pessumierunt
324 3334 446 3386 Fulcaris
464 3336 537 3385 enim
553 3333 716 3387 Herulorum
730 3331 801 3396 dux,
819 3340 945 3384 strenuus
963 3329 1075 3401 quidem
1096 3329 1157 3392 ille,

65 3401 188 3472 nihilque
212 3401 295 3470 plane
314 3403 452 3458 hosticum
465 3403 612 3457 formidare
628 3404 750 3467 solebat,
768 3402 856 3456 audax
878 3419 942 3455 vero
968 3410 997 3454 et
1013 3400 1156 3454 inordina·

65 3477 103 3523 tus
118 3480 194 3534 erat,
214 3480 243 3524 et
262 3474 298 3526 ad
317 3492 359 3543 res
375 3474 504 3546 gerendas
520 3492 569 3527 exe
611 3475 750 3546 endasque
761 3492 818 3526 uon
833 3476 873 3527 ite
886 3474 959 3526 bene
979 3479 1157 3541 comparatus.

65 3538 158 3615 Neque
173 3543 250 3602 enim
267 3547 401 3614 praefecti
419 3564 450 3599 ac
472 3545 549 3598 ducis
567 3493 650 3599 ddcus
670 3562 728 3598 esse
748 3545 891 3609 censebat,
915 3544 1001 3596 aciem
1021 3545 1158 3595 instruere

65 3620 144 3683 atque
163 3611 327 3683 disponere:
348 3617 397 3670 sed
411 3616 501 3671 sicubi
517 3619 577 3687 ipse
592 3620 622 3670 in
635 3619 740 3687 praelio
755 3618 918 3687 conspicuus
934 3615 1058 3683 aliosque
1075 3627 1158 3679 prae-

66 3699 174 3737 currens
186 3701 340 3759 magnoque
355 3690 461 3758 impetu
475 3697 503 3741 et
516 3689 613 3741 ardore
630 3689 715 3740 animi
732 3689 762 3741 in
780 3687 888 3748 hostem
900 3685 1032 3746 ferretur,
1045 3682 1157 3752 suisque

66 3754 122 3823 ipse
142 3755 273 3809 manibus
294 3777 412 3830 pugnam
429 3776 491 3812 cum
515 3757 595 3812 hoste
618 3766 796 3823 consereret,
818 3757 871 3812 hoc
889 3774 953 3811 vero
971 3755 1026 3806 sibi
1044 3768 1159 3821 maguae

66 3821 140 3879 laudi
152 3826 294 3893 ducebat,
311 3830 445 3903 valdeque
460 3848 492 3883 eo
511 3831 622 3893 nornine
644 3829 817 3901 gloriabatur.
855 3828 927 3886 Tum
946 3841 1010 3877 vero
1027 3824 1158 3893 temporis

67 3900 168 3952 maiore
183 3897 268 3950 etiam
276 3904 432 3956 temeritate
445 3904 541 3964 elatus,
556 3903 588 3953 in
599 3900 768 3954 Parmensem
781 3899 878 3953 urbem
893 3897 1081 3949 excursionem
1093 3896 1162 3953 fecit

69 3962 133 4036 (erat
145 3984 214 4042 vero
229 3972 286 4022 iam
301 3981 359 4024 tum
371 3975 463 4037 Parma
474 3991 490 4026 a
503 3972 615 4027 Francis
634 3971 775 4044 occupata)
793 3985 909 4040 eumque
921 3968 1087 4039 oportuisset
1098 3983 1161 4022 eum

70 4039 250 4106 speculatores
266 4046 344 4113 prius
357 4048 493 4108 emittere,
505 4039 554 4114 qui
568 4044 689 4097 hostium
707 4043 822 4096 consilia
837 4047 961 4101 accurate
977 4042 1160 4108 explorarent,

73 4117 149 4179 etque
167 4111 207 4165 ita
233 4113 360 4168 ordinate
381 4115 416 4168 ad
435 4134 478 4169 res
492 4117 679 4185 praecognitus
698 4114 848 4167 exercitum
865 4111 979 4165 ducere:
1004 4112 1054 4164 ille
1080 4125 1162 4179 prae·

75 4181 211 4258 tipltsutis
227 4185 287 4239 sola
305 4193 333 4239 et
351 4188 496 4262 temerario
508 4186 595 4242 animi
611 4187 716 4261 impetu
738 4185 839 4258 fretus,
858 4183 936 4253 nullo
958 4181 1053 4238 ordine
1070 4181 1159 4234 Heru-
