2760 4800
1319 168 1359 226 d

248 223 302 310 58
686 249 895 321 aelurus

100 414 169 472 tc,
187 404 301 471 saraae·
317 397 357 471 ssi
376 405 415 470 τά
441 408 574 487 πολέμια
597 398 777 491 ἠσκημένος.
813 400 859 483 οἷς
880 404 918 492 δι’]
944 404 999 471 κατ’
1026 408 1158 494 Ναρσῆς
1185 408 1321 492 όὲμενος,

137 487 353 574 1’Ῑ·’6τοῦτο’ν
369 530 404 591 γε
427 501 534 581 αὐτοῖς
551 506 696 592 ἐφίστησι
719 503 908 591 στρατηγόν,
939 508 995 571 καί
1015 504 1154 573 ἔστελλεν
1177 507 1234 573 καὶ
1256 507 1323 585 τοδς

246 598 307 688 άπη
325 598 439 690 άριστα
454 597 586 690 ἤμελλον
603 601 830 686 διαχειμάζειν.
852 601 908 670 τόν
924 606 959 669 δὲ
977 599 1157 691 Ἀλίνερνοκ
1173 610 1219 683 εἷς
1238 612 1325 693 Κησμ

245 705 338 769 σι’ναν
352 701 408 788 τὴν
422 701 516 768 πόλιν
535 698 733 784 άπὲπεμπεν,
755 705 918 789 εἰρημένον
939 697 1023 791 αὐτῷ
1032 753 1042 785 ,
1069 702 1198 769 ἐπειδάν
1211 700 1328 770 αάτόσε

246 798 398 890 άφάιηται
407 854 416 884 ,
439 801 597 886 ἀναβάντα
615 803 648 878 ἒς
665 797 702 866 τό
718 813 839 885 τεῖχος,
859 799 1063 890 όπερκάπτειν
1080 797 1266 889 άναφανδάν
1286 803 1347 880 cici

246 897 365 966 ἅπασιν
386 897 541 986 όστιςεῖη
559 900 800 986 διαγνωσδῆναι.
830 905 1018 988 προσέταττε
1040 902 1216 984 δὲταῦτα,
1246 896 1348 980 duur

246 998 285 1085 δὴ
302 999 332 1067 οἱ
351 999 491 1087 Φράμγσι
514 1002 653 1088 (ἐνθένδε
672 998 734 1086 γάρ
759 1000 968 1088 διαβήσεσθαι
982 992 1138 1089 ἤμελλον)
1159 999 1332 1068 sadanma·

247 1122 282 1163 τε
301 1096 398 1164 αὐτόν
417 1094 691 1185 αὐτομολήσαντα,
717 1099 772 1164 καὶ
791 1098 1040 1186 άπαγορεάσαιεν
1056 1102 1095 1189 τῇ
1114 1098 1168 1165 ἐπὶ
1189 1099 1250 1186 τὴν
1262 1098 1335 1166 Κό.

215 1206 310 1283 Βμην
326 1200 449 1288 πορείᾳ,
480 1202 534 1264 καί
548 1202 587 1286 τῇ
600 1200 662 1264 τῶν
677 1198 850 1286 χρημάτων
876 1201 996 1280 ἐλπίδι,
1021 1198 1097 1276 ἴσως
1115 1202 1151 1264 δὲ
1166 1198 1223 1264 καί
1238 1203 1337 1266 παντὶ

246 1301 291 1386 τῷ
313 1299 447 1387 πολέμῳ,
481 1294 525 1373 ὥς
551 1291 610 1383 ἤδη
633 1295 777 1363 ἁπάντων
796 1299 1125 1385 προκατειλημμένων
1153 1301 1210 1362 κατ’
1232 1294 1250 1362 ό
1271 1303 1359 1381 μὲντι

248 1394 354 1483 ἐπειδή
373 1395 545 1483 παριόντας
571 1391 656 1482 ἑώρα
680 1394 754 1473 τοάς
778 1396 962 1483 Φράγγους,
996 1394 1195 1483 ἕπεκερτόμει
1216 1421 1252 1462 τε
1273 1392 1335 1462 αὖ.

244 1494 320 1573 roric
337 1497 371 1560 ἐκ
386 1497 443 1560 τοῦ
458 1492 617 1581 μετεώρου
632 1499 687 1561 καί
701 1491 954 1572 intermiscenda
969 1492 1073 1580 μάτην
1090 1492 1236 1559 τολοιπόν
1248 1497 1334 1562 ἒπει-

246 1596 412 1680 γομένους,
433 1593 489 1659 καὶ
501 1591 631 1660 κατόπιν
650 1591 784 1679 ἥκοντας
800 1599 862 1660 τῶν
879 1590 1089 1680 πραγμάτων,
1110 1596 1168 1658 τοῦ
1184 1617 1219 1658 τε
1236 1594 1337 1659 niori*

246 1718 305 1758 του
320 1691 436 1768 παντός
448 1691 509 1757 sind
530 1693 703 1775 Ῥωμαίων
720 1696 942 1777 κατεχομένου,
962 1690 1018 1757 καί
1034 1692 1139 1757 αὐτῶν
1155 1716 1189 1777 γε
1213 1691 1252 1779 δι)
1269 1695 1335 1758 τῶν

245 1791 445 1877 παρασήμων
459 1793 515 1876 τῆς
537 1793 569 1854 Γ
567 1793 695 1876 οτθικῆς
713 1793 892 1876 ἡγεμονίας·
918 1790 963 1869 oie
986 1789 1019 1855 εἴ
1032 1813 1066 1874 με
1088 1795 1146 1854 καί
1160 1815 1210 1866 τις
1227 1798 1359 1862 rolens!

243 1887 308 1955 πάν
322 1887 472 1973 βασιλεάς
483 1891 547 1954 τῶν
557 1892 590 1955 T
587 1886 692 1954 ότδων
706 1884 922 1973 άναδειχθειῇ,
942 1891 986 1975 μὴ
1005 1888 1088 1974 ἔχειν
1106 1885 1169 1980 ότιμ
1183 1887 1334 1977 ἀρίδηλος

246 1985 299 2074 εἴη
317 1991 372 2054 κατ’
388 1991 551 2081 ἐπίτιμος,
573 1982 642 2052 ἀλλ’
659 1989 896 2076 άμφιέννυσθαι
909 1986 1008 2071 μόνον
1018 1987 1241 2077 στρατιωτικήν
1258 1993 1334 2076 ipe.

90 2145 92 2150 .
173 2103 202 2157 P.
214 2087 383 2174 ὃδοτράδα,
404 2086 460 2152 καί
474 2086 644 2152 ἰδιωτεύειν
659 2091 706 2176 τῷ
727 2085 877 2172 σχήματι.
905 2086 936 2152 οἱ
954 2090 989 2154 δὲ
1007 2089 1147 2174 Φράγγοι
1160 2087 1335 2176 ἒφάβριζον

244 2189 306 2270 μὲν
325 2188 358 2264 ἐς
380 2183 477 2252 αὐτὸν
499 2189 556 2250 κατ’
575 2187 809 2272 ἐλοιδοροῦντο,
841 2185 897 2254 κατ’
915 2184 1068 2274 προδότην
1085 2186 1255 2251 ἐπεκάλουν
1277 2190 1335 2253 τοῦ

245 2287 365 2371 μένους·
399 2283 460 2350 καί
474 2312 541 2364 πως
562 2283 731 2371 άμφίδοξοι
753 2285 906 2369 ἐγίγνοντο
925 2286 980 2351 ἕπτ’
998 2294 1062 2363 τοῖς
1080 2287 1254 2373 παροῦσιν,
1290 2282 1359 2364 oica·

247 2388 303 2450 ’καί
322 2386 532 2468 βουλεύεσθαι
550 2387 581 2450 εἰ
601 2389 787 2469 πολεμητέα·
812 2387 900 2463 ἐνίκα
921 2388 957 2449 δὲ
976 2378 1061 2468 ὅμως
1080 2382 1114 2450 τό
1134 2382 1179 2467 μή
1196 2407 1336 2466 μεταμε-

246 2483 435 2565 λεῖναῦτοῖς,
448 2485 515 2548 ἀλλ’
529 2486 581 2570 ἐφ’,
591 2479 613 2548 ά
621 2477 763 2569 άρμηντο
776 2480 943 2570 τῆνάρχὴν
953 2488 1008 2549 καί
1016 2481 1055 2567 δὴ
1069 2469 1337 2550 intractatam.

300 2613 323 2650 r.
333 2583 376 2651 οἷς
385 2591 451 2645 esu.
475 2597 500 2647 3.
512 2592 633 2664 ἔμελλον
640 2595 669 2645 R.
685 2590 924 2665 διαχειμάζοντα,
931 2590 1130 2665 διαχειμάσων
1138 2591 1210 2662 vulg.
1224 2594 1336 2658 Karat-

246 2700 250 2706 ·
297 2664 793 2734 voerR.,CissiamIntp'r.‚Kcouirqr
805 2665 879 2734 vulg.
926 2663 1156 2736 δέπὶΚόμηνΒ.
1196 2662 1339 2735 superor

297 2735 520 2809 li.‚pdrrrvulg.
559 2735 803 2806 18·.δφύβρτζονΒ.
840 2733 1087 2804 τραπεκάλουνλ·
1118 2730 1336 2804 οπολῗρμητονίλ

243 2831 377 2900 misitque
399 2832 480 2883 etiam
498 2827 563 2893 hos,
581 2828 630 2881 ubi
648 2830 866 2883 commodissime
883 2826 1046 2881 ridebantur
1069 2826 1256 2893 hibernaturi;
1274 2828 1337 2880 Ali·

248 2918 361 2971 gernum
378 2915 441 2954 vero
459 2899 494 2953 ad
512 2901 645 2954 cesenam
669 2902 766 2954 urbem
789 2903 830 2952 ire
846 2901 927 2952 iussit
951 2914 1011 2950 cum
1035 2896 1189 2959 mandatis,
1223 2905 1256 2949 ut
1274 2916 1337 2950 cum

203 3016 208 3025 .
248 2986 282 3024 eo
300 2971 420 3024 venisset
441 2985 588 3024 conscenso
608 2987 685 3023 muro
704 2972 779 3025 urbis
796 2970 1030 3024 manifesteelato
1048 2969 1136 3036 capite
1150 2969 1336 3037 prospiceret,

247 3044 288 3093 ita
304 3049 336 3092 ut
354 3040 388 3092 ab
410 3041 537 3095 omnibus
556 3042 617 3111 quis
636 3050 707 3094 esset
723 3041 966 3112 dignoscivposset.
1002 3038 1085 3109 Quod
1107 3040 1197 3108 ipsum
1213 3055 1248 3090 eo
1267 3056 1337 3090 con·

248 3112 313 3164 silio
341 3111 495 3174 mandarat,
522 3119 555 3163 ut
572 3112 669 3163 Franci
695 3115 743 3184 qui
769 3114 832 3165 illac
849 3109 1011 3163 videbantur
1030 3110 1185 3172 transituri,
1202 3125 1267 3160 eum
1287 3126 1337 3161 sus

247 3188 347 3250 sponte
366 3179 400 3231 ad
417 3184 550 3234 Romanos
569 3182 698 3234 transisse
722 3188 880 3248 cernerent,
910 3188 939 3232 et
961 3179 996 3232 de
1020 3179 1197 3249 expeditione
1219 3180 1251 3230 in
1279 3179 1337 3230 Cu-

248 3267 324 3313 mas,
343 3253 531 3321 pecuniaeque
549 3267 596 3320 spe
616 3253 737 3305 animum
756 3252 924 3316 obiicerent;
941 3251 985 3302 rel
1002 3250 1074 3301 forte
1094 3249 1128 3302 de
1155 3250 1246 3301 totius
1264 3249 1337 3304 belli

248 3337 369 3383 summa,
388 3329 483 3390 utpote
504 3321 572 3372 locis
587 3323 713 3374 omnibus
732 3322 893 3392 opportunis
910 3320 964 3372 iam
987 3321 1208 3389 praeoccupatis,
1235 3317 1337 3389 despe-

247 3397 347 3444 rarent
383 3390 472 3463 Atque
492 3390 635 3460 Aligernus
654 3393 767 3463 quidem
790 3393 906 3444 Francos
924 3399 1126 3459 praetereuntes
1145 3390 1338 3457 conspicatus,

247 3461 420 3515 contumeliis
442 3459 586 3513 verborum
611 3478 692 3513 eosc
719 3461 830 3515 sublimi
857 3472 934 3515 muro
954 3460 1121 3530 excipiebat,
1139 3467 1167 3511 et
1184 3459 1338 3512 subsanna-

245 3533 310 3590 bat,
336 3540 368 3583 ut
393 3532 491 3583 frustra
515 3529 644 3600 deinceps
669 3533 844 3596 festinantes,
873 3539 981 3601 etpost
1000 3532 1112 3593 festum,
1141 3527 1216 3600 quod
1234 3532 1336 3593 aiunt,

246 3604 404 3664 venientes,
437 3618 496 3652 cum
521 3603 641 3671 pecunia
673 3603 760 3655 omnis
788 3604 818 3654 in
848 3604 1025 3654 Romanorum
1050 3603 1214 3671 potestatem
1238 3602 1337 3652 venis-

245 3681 305 3736 set,
333 3680 415 3743 atque
441 3671 508 3723 adeo
541 3672 599 3739 ipsa
633 3672 714 3725 etiam
751 3673 863 3726 Gothici
893 3672 1061 3740 principatus
1096 3672 1231 3740 insignia3
1262 3671 1336 3723 adeo

245 3750 279 3795 ut
296 3745 319 3796 si
337 3745 398 3815 quis
416 3743 498 3798 etiam
521 3742 552 3793 iu
575 3750 713 3810 posterum
732 3761 779 3796 rex
799 3742 951 3795 Gothorum
979 3741 1177 3803 declararetur,
1201 3757 1259 3791 non
1282 3741 1338 3792 ha-

244 3811 343 3876 beret,
362 3831 416 3885 quo
440 3811 617 3880 spectabilior
640 3810 852 3883 honoratiorque
879 3821 965 3875 esset,
987 3812 1101 3864 militari
1125 3818 1231 3863 tantum
1255 3819 1338 3864 veste

244 3881 373 3947 indutus,
395 3883 510 3954 ipsoque
528 3881 626 3935 habitu
644 3886 782 3953 privatum
793 3882 933 3935 hominem
953 3882 1116 3951 praeferens,
1153 3880 1251 3933 Franci
1269 3898 1337 3933 roro

246 3960 340 4004 eontra
358 3955 384 4004 ei
402 3953 637 4016 convitiabantur,
657 3955 744 4022 gentis
764 3970 828 4005 suae
845 3951 1015 4021 proditorem
1042 3952 1227 4022 appellantes;
1253 3953 1339 4004 etde

246 4029 318 4077 statu
337 4039 425 4073 rerum
442 4024 579 4093 ambigere
597 4023 771 4085 videbantur,
790 4031 870 4074 etan
887 4021 991 4074 bellum
1010 4024 1081 4076 ultra
1116 4022 1247 4074 erendum
1268 4023 1340 4092 ipsis

246 4100 318 4143 esset
335 4090 495 4145 deliberare.
532 4094 716 4145 Vicittamen
735 4109 766 4143 ea
784 4094 942 4161 sententia,
971 4040 1160 4151 desistendum
1183 4109 1242 4151 nou
1259 4104 1341 4156 esses

247 4161 316 4243 quin
332 4163 426 4236 potius
444 4161 596 4234 urgendum
616 4164 782 4226 institutum.
