2730 4816
398 279 823 354 n1sr0a1nuun11.1a
992 279 998 287 “
1104 251 1159 365 95

10 421 11 424 Ἴ
87 440 278 523 λυμήνασθαι
296 439 386 521 γένει.
439 415 648 520 Χιλδίβερτος
671 437 730 517 μὲν
750 433 812 522 γὰρ
830 434 961 522 γηραιὸς
977 426 1038 521 ήδη
1058 431 1160 521 δπήρ-
1167 432 1196 490 δ’.
1210 439 1240 491 C·
1258 442 1309 512 554

83 564 130 621 χεν
152 537 209 602 καί
232 531 342 623 πόρ’ῥοο
360 559 420 601 που
439 531 524 621 ήκουν
540 539 595 621 τῆς
613 531 753 619 ήλικιλις,
784 533 840 598 καί
860 532 939 620 πρός
953 557 988 617 γε
1014 509 1264 624 οἷσέδενείριι·ι28
1336 520 1340 528 ’

1 696 2 699 ,
80 635 175 720 εἴχετο
193 636 310 722 πολλή,
344 634 388 725 οἷς
405 636 643 718 συνεσαληκέναι
668 633 697 697 οἱ
717 627 802 697 ἅπαν
825 631 880 697 καί
898 634 1106 716 διατετήχθαι
1121 630 1185 703 rin

81 738 175 816 σῶμα·
207 734 319 807 παῖδές
333 755 367 797 τε
385 728 473 822 αδτηῖ
491 726 619 818 ἄρρενες
641 726 700 795 ota
720 726 802 817 ήσαν
819 728 849 796 οἱ
865 728 922 816 τήν
939 725 1042 816 ἀρχήν
1057 734 1165 795 διαδε-

67 831 220 916 5ξόμενοι,
242 826 313 896 ἀλλ’
327 833 361 896 ἐν
374 837 572 918 θυγατρασιν
590 827 819 917 ἐγηροκομεῑτο.
840 826 1029 915 Χλωθάριος
1045 831 1080 894 δὲ
1099 827 1164 916 ῥου-

77 937 190 1013 μαλέος
209 924 250 1017 ἦν
268 927 317 996 ἐτι
333 929 388 995 καί
410 923 498 995 οὔπω
521 930 592 995 λίοιν
609 929 804 1018 ἐγεγηροίκει,
833 928 913 1014 πλήν
930 924 1004 994 ὅσον
1026 929 1058 1005 ἐς
1073 927 1163 1014 προδ-

79 1057 129 1117 την
145 1028 269 1118 ῥυτίδα,
291 1026 382 1106 υἱούς
394 1055 428 1095 τε
444 1025 526 1113 εἶχεν
544 1030 714 1117 τέτταρας,
725 1026 912 1112 Ιβοδπαιδας
928 1021 989 1113 ήδη
1006 1025 1062 1091 καί
1077 1020 1163 1113 θαρ-

80 1129 210 1215 ραλέους
221 1181 231 1211 ,
251 1126 307 1192 καί
327 1127 406 1216 πρὸς
421 1126 457 1192 τὸ
477 1127 605 1215 ἐνεργὸν
619 1130 835 1215 ὡρμημένους.
855 1128 1015 1213 τοιγάρτοι
1034 1119 1073 1189 οδ
1104 1148 1162 1207 με·
1234 1133 1238 1140 ’

80 1228 188 1292 δεκτέα
212 1225 348 1314 ἔφασκεν
364 1229 409 1315 τῷ
422 1221 550 1317 ιῖδελφρῖ
569 1231 632 1293 τῶν
655 1216 872 1311 Θευδιβυὶλδου
894 1223 1085 1311 χρημάτων,
1117 1224 1162 1299 ὦς

41 1322 129 1392 {cuin
147 1329 181 1405 ἐς
199 1323 326 1412 μακρδν
340 1326 396 1391 καί
410 1322 507 1412 αὐτῆς
524 1325 625 1413 δήπου
649 1330 705 1413 τῆς
723 1330 935 1413 Χιλδιβέρτου
951 1323 1114 1407 βασιλείας
1128 1327 1162 1400 ἐς

81 1420 173 1493 αὖτόν
194 1451 228 1490 τε
251 1424 307 1489 καί
321 1424 397 1502 τοδς
414 1428 546 1502 οἰκείους
572 1428 696 1501 παῖδας
708 1425 990 1508 μεταπεσουμένης.
1022 1421 1077 1486 καί
1095 1422 1162 1486 τοί.

79 1548 128 1589 νυν
155 1518 195 1588 οδ
216 1521 369 1610 διήμαρτε
387 1525 442 1610 τής
457 1524 591 1600 ἐλπίδος.
616 1520 708 1609 δγδρ
723 1521 900 1609 πρεσβύτης
914 1518 994 1586 ἐκών
1017 1520 1160 1586 ἐνεδίδου

75 1626 128 1687 ’τοῦ
141 1624 272 1709 κλήρου,
294 1622 414 1705 δεδιώς,
432 1618 529 1707 οἶμαι,
545 1621 603 1707 τήν
621 1624 755 1705 δύναμιν
767 1625 824 1686 τοῦ
841 1616 965 1706 ἀνδρὸς,
986 1617 1041 1683 καὶ
1055 1612 1204 1692 tuat-o

77 1725 202 1800 λαξείων
223 1726 279 1808 τής
305 1725 338 1798 ἐς
360 1718 456 1787 ου’τδν
474 1725 668 1803 δυσμενείας.
698 1717 791 1812 ὄλίγρι
824 1745 860 1786 τε
888 1716 1019 1806 ὕστερον
1060 1714 1159 1791 αὐτὸς

27 1839 53 1882 ι
64 1827 129 1902 ὃμὲν
149 1821 269 1905 ἐπεβίω
278 1873 289 1904 ,
308 1819 393 1896 Ιἅπαν
410 1824 444 1887 δὲ
461 1817 496 1885 τὸ
516 1823 582 1884 τοῖν
599 1819 753 1908 Φρδγγιον
774 1819 886 1907 κράτος
905 1819 938 1894 ἐς
952 1816 1046 1900 μδνον
1062 1819 1159 1880 Χλω-

78 1921 185 2006 δοὶριον
204 1917 373 2006 κατερρύη.
402 1923 435 1985 ἐν
460 1922 565 1984 τοῖσδε
585 1922 645 2003 μὲν
659 1920 700 1986 τοὶ
719 1915 904 1986 Ἰταλιωτῶν
924 1915 980 1983 καὶ
1002 1913 1157 2003 Φρδγγοον

77 2016 241 2105 πράγματα
261 2016 386 2104 ἐχώρει.
444 2044 447 2047 ’

152 2115 200 2182 ιε’.
217 2113 295 2181 Ὗπδ
311 2120 346 2182 δὲ
370 2114 426 2182 τὸν
438 2116 537 2183 αὐτὸν
549 2118 684 2206 χρόνον,
705 2122 823 2206 θέρους
849 2112 917 2207 δι’ρρι
926 2170 936 2200 ,
960 2113 1061 2184 &betae
1076 2116 1158 2199 μέγα

75 2211 103 2280 ἐν
122 2238 159 2280 τε
176 2214 341 2304 Βυζαντίῳ
365 2215 421 2280 καὶ
443 2221 604 2300 πολλαχοῦ
625 2223 683 2304 τῆς
698 2215 864 2299 Ῥωμαίων
885 2218 989 2303 ἀρχῆς
996 2267 1006 2296 ,
1037 2213 1080 2288 ὦς
1105 2215 1162 2291 καί

23 2315 177 2390 ἱοπόλεις
195 2313 335 2398 συχνὰς,
356 2315 541 2399 υησιωτικής
559 2342 594 2382 τε
618 2318 674 2383 καί
695 2316 907 2406 ἠπειρώτιδας
913 2367 923 2397 ,
944 2313 1063 2403 οἷδρόυν
1081 2314 1160 2377 ‹tva-

77 2416 229 2500 τραπῆναι
238 2466 248 2496 ,
278 2411 333 2477 καί
356 2406 457 2500 ἄρδην
480 2414 554 2494 τούς
579 2417 743 2504 οἰκήτορας
765 2419 964 2504 διαφθεῖραι.
1011 2409 1160 2500 Βηρυτός

76 2517 145 2596 γοῦν
164 2513 185 2600 ή
206 2513 370 2597 καλλίστη,
399 2512 433 2580 τδ
455 2519 609 2582 Φοινίκεια
635 2520 714 2594 τέως
738 2513 997 2606 ἐγναλλιδπισμα,
1025 2512 1094 2578 τότε
1117 2507 1156 2595 δή

74 2613 272 2700 ἐπηγλαΐσθη
293 2607 411 2697 ἅπασα,
426 2614 482 2678 καί
494 2616 680 2702 κατέῥριπτυ
696 2614 735 2682 τὰ
751 2613 856 2680 κλεινοὶ
879 2618 981 2681 ἐκεῖνα
999 2612 1054 2677 ναί
1068 2622 1186 2696 περι-1)

138 2716 381 2786 5.ἐγηροκοαεῖτο.
393 2717 508 2788 ἐγηρωα.
522 2719 603 2790 vulg„
614 2720 829 2790 ἐκληρονομεῖτο
839 2720 875 2768 Ra
884 2727 912 2770 et
921 2719 1003 2784 Intpr.
1019 2711 1058 2766 ad
1070 2713 1150 2784 filias

138 2786 268 2842 rediisset
288 2765 434 2843 increditus.
491 2805 515 2858 7.
531 2789 714 2862 θαρραλίιιΒ.
764 2790 801 2857 τίη.
819 2790 847 2845 ἐς
859 2783 946 2840 αὐτὸν
959 2791 999 2849 a,
1014 2784 1057 2836 ἐπ’
1069 2778 1158 2832 αὐτὸν

136 2859 209 2928 vulg·
248 2875 290 2913 ²2·
306 2860 421 2925 καὶίστυ
438 2859 499 2914 edd.
556 2866 597 2916 23.
616 2857 796 2930 δπηγλαίσδη
812 2861 840 2911 Β.
859 2859 953 2927 Lugd„
971 2853 1067 2923 α’πεγλ.
1093 2850 1154 2902 εδδ.

72 2959 144 3016 erat,
162 2960 193 3003 et
208 2953 485 3024 praeterquamquod
501 2955 585 3023 gravis
602 2956 681 3005 annia
698 2961 783 3016 esset,
802 2951 948 3004 accedebat
958 2951 1039 3001 etiam
1053 2963 1156 2999 summa

73 3023 229 3084 infirmitas,
247 3021 314 3074 adeo
338 3032 370 3075 ut
389 3024 442 3092 ipsi
462 3031 548 3075 totum
567 3041 662 3094 corpus
684 3024 747 3075 colli
769 3029 861 3074 uatum
881 3019 1058 3092 tabidumque
1077 3025 1155 3070 esset.

72 3091 165 3164 Neque
177 3094 235 3144 ulla
246 3095 271 3144 ei
286 3094 440 3163 eratproles
454 3095 582 3156 mascula,
597 3112 665 3164 quae
674 3041 867 3146 succeberetin
881 3109 1005 3162 reguum,
1018 3091 1065 3142 ιεδ
1085 3090 1155 3140 filias

72 3169 177 3215 tantum
194 3162 296 3215 habens
322 3173 506 3216 consenuerat.
542 3163 792 3225 chlotharius-vero
806 3161 896 3214 valido
913 3161 1001 3214 adhuc
1021 3169 1078 3212 erat
1095 3178 1157 3212 cor-

72 3250 150 3302 pore,
171 3249 263 3304 neque
276 3233 423 3285 admodum
446 3250 542 3302 aenex3
561 3236 660 3304 primas
688 3227 793 3286 tantum
811 3251 888 3304 rugas
914 3239 1100 3293 contraxerat,
1128 3237 1156 3283 et

72 3305 142 3355 filios
162 3301 285 3356 habebat
300 3314 416 3375 quatuor
430 3304 575 3357 admodum
589 3307 701 3358 iuvenes
712 3313 793 3388 atquc
803 3305 946 3367 animosos,
967 3303 1038 3356 etad
1050 3303 1155 3354 auden-

71 3373 134 3426 dum
151 3382 300 3444 promptos.
338 3374 473 3446 Quocirca
489 3393 545 3428 nou
560 3375 684 3428 adeunda
702 3377 772 3427 dine
785 3377 861 3427 fratri
874 3377 946 3427 bona
960 3372 1155 3435 Theodibaldi,

72 3445 174 3516 quippe
195 3444 270 3516 quod
294 3445 370 3497 brevi
390 3446 471 3497 etiam
492 3446 581 3516 ipsum
602 3445 773 3500 Chiideberti
796 3463 906 3515 regnum
926 3445 960 3497 ad
984 3462 1013 3497 ae
1033 3453 1061 3496 et
1083 3445 1154 3494 fiiioa

72 3531 133 3566 auos
150 3524 222 3567 esset
234 3515 438 3568 devolvendum.
474 3517 570 3588 Neque
592 3535 654 3569 eum
676 3517 777 3570 fefellit
794 3534 841 3568 sua
864 3534 932 3587 spes.
969 3516 1057 3567 Senex
1080 3514 1153 3565 enim

73 3585 120 3636 ille
137 3601 187 3636 aua
203 3593 299 3654 sponte
315 3587 367 3656 ipsi
391 3585 542 3640 hereditate
566 3590 662 3654 cessit;
691 3587 807 3653 veritus,
826 3589 867 3639 uti
879 3596 961 3658 puto,
979 3587 1031 3637 viri
1052 3590 1152 3654 poten-

74 3656 151 3717 tiam,
177 3656 319 3727 ipsiusque
343 3658 513 3709 inimicitiam
535 3658 672 3710 declinare
698 3661 819 3728 cupiens.
850 3660 987 3727 Pauloque
1012 3662 1074 3724 post
1093 3655 1152 3721 ipse

69 3723 181 3796 quidem
207 3727 323 3778 excessit
348 3743 363 3778 e
384 3729 469 3794 vivis;
502 3731 656 3781 universum
674 3746 737 3782 vero
762 3730 926 3781 Francorum
949 3726 1091 3795 imperium
1118 3722 1155 3774 ad

71 3798 157 3879 apium
171 3795 360 3849 Chiotharium
373 3806 414 3849 eat
427 3797 590 3852 devolutum.
617 3800 668 3852 Hic
685 3802 779 3871 itaque
793 3800 847 3851 tuit
858 3799 1010 3850 Italicarum
1027 3803 1055 3846 et
1066 3794 1153 3844 Fran-

72 3883 191 3919 ctcarum
209 3884 299 3918 rerum
317 3876 409 3919 status.
922 3887 923 3890 ¹
1071 3913 1073 3918 ,

97 3941 108 3958 ’·
142 3934 187 3992 ι5’.’
211 3937 267 3989 Sub
279 3937 353 4009 idem
364 3939 421 3990 scre
438 3946 553 4008 tempus,
571 3938 677 4009 vigente
689 3947 800 4003 aestate,
819 3933 940 4006 Byzantii
953 3925 1067 4004 aliiaquc
1077 3950 1153 3985 com-

72 4006 195 4073 pluribus
209 4008 323 4061 Romani
342 4008 448 4077 imperii
462 4009 527 4061 locis
540 4009 635 4079 ingena
651 4017 841 4063 terraemotus
860 4014 901 4058 est
913 4006 1015 4067 factus,
1037 4003 1105 4056 adeo
1122 4012 1154 4055 ut

72 4079 170 4130 multae
188 4078 271 4130 urbes
294 4087 350 4131 tam
367 4078 499 4132 insulares
513 4080 594 4151 quant
613 4080 642 4131 in
660 4080 817 4132 continente
841 4074 907 4129 §itae
928 4073 1154 4127 confestim-sub-

73 4161 160 4200 versae
173 4149 292 4214 fuerint,
311 4149 473 4220 incolaeqnc
488 4150 598 4220 penitus
610 4150 740 4220 absorpti.
775 4145 888 4216 Berytus
900 4146 1006 4217 itaque,
1024 4142 1154 4214 pulcher-

75 4217 152 4274 rimus
166 4219 216 4271 ille
228 4226 286 4272 tum
295 4214 427 4292 tcmpoiie
440 4219 602 4276 Phoeniciae
615 4222 727 4286 oceliua
740 4229 799 4274 tum
810 4215 920 4290 quidem
932 4224 991 4269 tota
1001 4213 1152 4267 deformata
