2738 4816
478 627 480 631 .
571 559 1020 628 ΠΡΟΟΙΜΙΟΝ.

109 767 158 823 Ed·
166 769 247 824 Par-1
309 767 386 834 αλόν
403 767 464 851 μὲν
484 792 517 832 τι
530 823 531 827 ,
533 769 644 853 χρῆμα
663 762 719 831 καί
738 756 902 846 ἐόδαιμον
921 773 1005 832 νῖκαι
1023 764 1168 848 πολέμιον
1188 766 1244 833 καί
1261 766 1354 856 τρό·

108 871 359 951 Εδλίυυόηαια,
390 865 511 932 πόλεών
537 890 571 931 τε
600 865 778 950 οἷνοικισμοί
800 863 857 929 καί
879 865 1091 949 όγλαίσματα,
1120 864 1176 930 καί
1204 862 1330 933 ἅπαντα

255 967 359 1032 όπόσα
377 964 499 1049 μεγάλα
516 989 550 1030 τε
570 967 625 1029 καί
641 951 815 1046 όξιόγαστα
840 961 924 1051 ἐργα.
945 969 1041 1030 ταῦτα
1059 966 1095 1030 δέ
1113 963 1169 1029 καί
1188 964 1229 1030 τό
1251 957 1354 1032 τοιό-

255 1071 291 1132 δε
308 1065 402 1143 δόξαν
414 1067 474 1147 μέν
490 1090 561 1130 τινα
585 1065 644 1128 καί
659 1060 772 1148 ήδονήν
790 1071 854 1138 τοῖς
870 1068 1076 1148 κτησαμένοις
1101 1061 1227 1145 ἐπάγει,
1257 1065 1348 1128 ainu-

255 1169 364 1249 βιοῦσι
388 1166 423 1228 δέ
450 1157 560 1238 αότοῖς
581 1160 637 1226 καί
659 1163 758 1229 ἐκεῖσε
786 1161 960 1245 οἰχομένοις
980 1154 1049 1227 oin
1065 1161 1153 1244 μάλα
1171 1163 1354 1236 tritavum:

255 1265 399 1344 ἕπεσθαι,
421 1258 502 1326 etat
518 1262 572 1326 καί
588 1257 672 1346 λήθη
687 1261 932 1346 παρεμπεσοῦσα
946 1261 1149 1339 ἐπικαλύπτει
1164 1262 1220 1331 καί
1233 1287 1348 1347 παρα-

196 1363 364 1445 Ρ.9τρέπει
379 1358 437 1436 τὰς
454 1360 583 1444 ἀληθεῖς
604 1361 667 1423 τῶν
690 1358 833 1445 πράξεων
851 1357 1039 1440 υἶποβόσεις1
1058 1350 1118 1443 ήδη
1141 1360 1177 1423 δὲ
1197 1363 1253 1423 καί
1276 1361 1348 1424 τῶν

260 1461 480 1541 ἐπισταμένων
496 1457 731 1542 οἰποβιοόντιον,
753 1456 871 1542 οἴχεται
887 1456 945 1533 καί
959 1457 1175 1545 διαδιδράσκει
1193 1458 1349 1542 ήγνῶσις

255 1557 316 1624 σόν
340 1553 451 1634 αότοῖς
473 1561 675 1642 σβεννυμένη.
705 1553 806 1633 οὕτως
830 1549 894 1643 όῖρα
927 1557 1035 1643 μνήμη
1061 1555 1163 1642 γυμνή
1189 1551 1346 1643 ἀνόνητόν

254 1684 287 1724 τι
314 1657 369 1722 καί
396 1659 434 1721 οό
460 1657 613 1739 μόνιμον,
635 1658 711 1720 outa
738 1658 780 1743 τῷ
803 1660 914 1746 μακρῷ
930 1660 1178 1722 συνεκτεινεσθαι
1200 1659 1344 1744 πέφυκεν

255 1753 369 1845 χρόνῳ.
411 1755 467 1820 καί
486 1756 544 1820 οόκ
573 1748 613 1820 όν
638 1750 727 1837 οἶμαι
754 1749 775 1840 ή
807 1759 959 1841 πατρίδος
981 1753 1234 1841 προκινδυνεύειν
1261 1755 1344 1821 ἔνιοι

255 1853 410 1938 ἐγνωσοιν,
430 1846 451 1938 ή
470 1845 584 1930 ἄλλους
593 1847 806 1935 ἀναδέχεσθαι
821 1854 951 1945 πόνους,
968 1847 1007 1917 τό
1023 1853 1150 1937 εἰδότες,
1171 1853 1224 1935 ὥς,
1242 1853 1346 1918 εἶκαὶ

235 1952 388 2039 Βσφόδρα
418 1954 551 2036 μέγιστα
574 1949 748 2038 ,dedentem
768 1958 986 2017 συναπολεῖται
1001 1949 1035 2018 τό
1054 1956 1141 2028 κλέος
1161 1947 1268 2028 αὐτοῖς
1289 1954 1348 2017 καί

262 2052 509 2139 διαῤῥυήοιται,
537 2051 624 2140 μόνιρ
651 2054 695 2139 τῷ
718 2049 777 2140 βιλρ
806 2052 911 2116 αότῶν
931 2053 1213 2139 ἐκμεμετρημένον·
1244 2052 1276 2115 εἰ
1295 2050 1344 2135 μή

256 2177 321 2233 τις,
344 2151 387 2226 ὥς
407 2149 507 2232 ἔοικε,
529 2153 603 2214 θεία
624 2150 801 2235 προμήθεια
817 2147 852 2212 τό
875 2145 1006 2228 ἇσδενές
1022 2155 1075 2237 τῆς
1091 2151 1216 2237 φόσεοος
1242 2149 1354 2240 οἴνοιό-ι

172 2300 176 2305 .
260 2245 407 2335 ῥωννῦοα
435 2245 475 2314 τό
494 2253 529 2315 ἐκ
544 2252 610 2338 κτῆς
640 2245 780 2336 ἱστορίας
795 2245 996 2333 ἐπεισήγαγεν
1014 2246 1121 2334 οἴγαθόι
1139 2247 1195 2313 καί
1210 2245 1269 2322 τός
1291 2245 1345 2312 ἐν·

256 2350 350 2412 θένδε
367 2351 504 2422 ἐλπίδας.
548 2347 587 2410 ου’
601 2345 662 2433 γὰρ
683 2343 776 2428 οἶμαι
790 2351 913 2412 κοτίνου
929 2372 964 2432 γε
982 2351 1070 2413 ἕνεκα
1095 2336 1150 2411 καί
1169 2348 1293 2411 σελίνου
1313 2345 1345 2410 οἱ

252 2440 491 2528 Ὀλυμπιονῖκαι
508 2449 551 2531 ἐνι
562 2455 632 2522 ταῖς
648 2449 824 2533 κονίστραις
846 2444 1063 2533 ἐναπεδόοντο,
1083 2438 1203 2511 οόδάό
1218 2443 1248 2508 οἱ
1263 2445 1345 2528 dya-

331 2575 352 2608 ι.
371 2557 507 2626 μέντοιΒ.
565 2574 603 2609 ro.
626 2559 857 2608 συνεκτείνεσθαι
876 2559 915 2618 tt,
934 2559 1018 2625 Intpr.
1039 2555 1154 2610 extendi
1159 2594 1167 2619 ,
1198 2559 1347 2607 συνεκτεί-

324 2640 388 2680 νειν
404 2627 474 2696 vulg.
510 2625 625 2696 πέφυκε
642 2627 722 2696 vulg,
747 2643 765 2679 ν
781 2617 988 2696 ἐφελκυστικόν
1008 2627 1034 2678 h.
1045 2629 1062 2678 l.
1082 2635 1111 2678 et
1127 2625 1226 2696 passim
1246 2626 1343 2678 addidi

327 2714 360 2748 ex
378 2698 407 2752 R.
463 2715 500 2748 ιι.
521 2692 538 2760 ἧ
554 2694 741 2768 πατρίδοςΒ.,
761 2698 845 2767 Intpr.
861 2716 913 2770 pro
930 2697 1048 2769 patria,
1066 2699 1138 2769 vulg.
1157 2694 1174 2762 ἢ
1190 2698 1240 2748 και
1257 2713 1343 2770 πατρ.

329 2768 368 2820 ι5.
386 2765 579 2841 α’ναρρωνῦοα
595 2770 625 2823 Β.
1170 2807 1175 2819 ι

592 2930 1007 3008 rasursr1u

256 3029 414 3132 praeclara
434 3078 567 3150 quaedam
590 3086 618 3132 et
634 3079 715 3131 beata
732 3080 866 3148 possessio
894 3077 1000 3132 censeri
1019 3081 1110 3146 potest
1127 3077 1259 3132 victoriae
1278 3079 1344 3132 bel-

256 3149 347 3200 lorum
374 3157 402 3200 et
427 3150 572 3218 trophaea,
598 3149 679 3202 urbes
698 3149 826 3202 conditae
842 3157 928 3223 ‘atque
948 3150 1128 3210 instauratae,
1147 3165 1240 3200 omnes
1261 3149 1343 3203 deni·

253 3223 312 3288 ‘que
332 3233 444 3288 magnae
466 3221 695 3290 admirandaeque
714 3238 755 3272 res
774 3230 872 3289 gestae.
908 3220 997 3288 Atque
1012 3216 1082 3269 vhaee
1099 3219 1211 3288 quidem
1231 3220 1343 3292 aliaque

257 3288 423 3341 eiuscemodi
442 3300 473 3343 ut
489 3293 606 3343 maxime
624 3291 737 3360 gloriam
754 3291 874 3361 aliquam
888 3290 1111 3359 voluptatemque
1128 3290 1184 3342 suis
1202 3304 1343 3356 possesso·

257 3360 493 3424 ribusadferant,
511 3377 589 3431 aegre
608 3369 700 3412 tamen
719 3377 765 3412 eos
785 3379 800 3412 e
819 3362 887 3412 vivis
907 3359 1068 3410 excedentes
1089 3361 1259 3412 comitantur.
1288 3359 1343 3412 Sed

258 3440 287 3482 et
305 3429 407 3482 oblivio
425 3431 608 3483 interveniens
628 3434 740 3481 offuscat
756 3439 838 3500 atque
856 3429 991 3482 subvertit
1008 3445 1084 3481 veros
1103 3437 1343 3497 rerumgestarum

256 3509 386 3567 eventus,
417 3510 444 3552 et
468 3519 528 3553 eum
552 3503 574 3552 ii
592 3503 644 3569 ipsi
667 3501 715 3571 qui
740 3517 784 3552 eos
808 3509 909 3552 norunt
926 3502 1015 3552 vivere
1034 3499 1192 3563 desierunt,
1211 3502 1343 3562 emoritur

257 3573 340 3623 etiam
358 3580 440 3640 atque
459 3574 594 3623 evanescit
610 3589 664 3621 una
682 3587 743 3621 eum
761 3572 828 3640 ipsis
846 3570 1004 3622 horninibus
1021 3586 1112 3622 earum
1127 3586 1215 3621 rerum
1232 3571 1340 3622 notitia.

258 3644 320 3711 Quo
339 3643 385 3704 tit,
405 3649 436 3691 ut
446 3643 519 3693 nuda
533 3642 664 3693 memoria
678 3640 780 3691 fluxum
818 3640 929 3693 uiddam
942 3656 1092 3710 parumque
1105 3641 1211 3691 firmum
1226 3642 1272 3704 ait,
1291 3659 1343 3692 ne-

258 3730 311 3783 que
329 3712 458 3781 temporis
478 3711 686 3762 diuturnitatem
698 3710 773 3762 ferat.
837 3729 906 3782 eque
923 3729 986 3764 vero
1005 3711 1122 3779 putarim
1143 3709 1277 3781 quosdam
1296 3720 1344 3765 aut

257 3783 379 3852 pericula
396 3798 445 3849 pro
464 3784 551 3849 patria
570 3780 700 3843 adituros,
722 3790 769 3833 aut
786 3783 853 3833 alios
867 3783 973 3834 labores
989 3780 1159 3848 suscepturos
1171 3781 1266 3845 fuisse,
1281 3798 1343 3833 cum

249 3854 368 3915 ἐοὶτεαλ,
381 3852 554 3921 quantumvis
566 3851 697 3901 maximas
715 3868 756 3902 res
774 3855 936 3921 gessissent,
955 3851 1104 3921 perituram
1120 3868 1175 3903 una
1197 3869 1259 3901 cum
1276 3851 1345 3921 ipsis

260 3932 343 3992 atque
364 3924 537 3973 emorituram
553 3936 661 3973 omnem
687 3937 778 3972 earum
799 3924 926 3992 gloriam,
945 3923 1003 3974 sola
1018 3923 1139 3991 ipsorum
1154 3923 1211 3974 vita
1227 3923 1345 3972 circum·

260 3995 403 4060 scriptam3
421 3993 475 4042 nisi
489 3990 639 4061 quaedam,
657 3992 699 4042 uti
715 4002 841 4060 apparet,
859 3994 952 4046 divina
967 3992 1140 4062 providentia
1154 3999 1270 4045 naturae
1291 3991 1346 4043 hu-

260 4079 359 4112 manae
388 4061 748 4126 iluxibilitatem¹·fulciens,
767 4060 897 4120 historiae
915 4064 1036 4128 bonum,
1053 4079 1178 4134 quaeque
1196 4079 1230 4114 ex
1248 4079 1281 4114 ea
1302 4061 1345 4112 af-

262 4132 364 4198 fulget,
387 4146 462 4198 spem
482 4140 553 4182 esset
570 4132 690 4199 elargita.
716 4131 812 4200 Neque
833 4136 921 4196 enim,
942 4135 1075 4195 arbitror,
1096 4133 1205 4185 oleastri
1223 4141 1272 4184 aut
1288 4131 1345 4201 apii

264 4216 344 4252 eausa
366 4200 573 4270 Olympionicas
597 4202 627 4256 in
649 4217 758 4256 arenam
782 4203 851 4256 nudi
879 4204 1099 4266 descendebant,
1122 4219 1213 4277 neque
1237 4217 1345 4256 rursum
