2730 4816
225 268 278 360 82³
380 294 382 299 ⁴
559 263 584 327 f
659 276 867 367 loturum
957 277 961 284 ’

80 473 108 523 λ,
124 471 152 523 c.
168 454 216 525 553
226 447 389 541 άσφαλοός
405 451 602 543 ἀγωνίζοιντο
617 454 674 531 τάς
693 447 830 532 άσπίόας
844 459 1104 541 προβεβλημένοι,
1124 454 1164 523 τά
1186 458 1222 522 δὲ
1239 449 1310 522 όπι-

122 543 142 596 Ῑ·
153 543 213 614 lap
225 556 339 621 σθάλια
356 559 400 645 τῷ
418 550 559 642 ἀλληλοις
576 549 802 637 ἐπιτετάχθαι
817 553 1087 640 όιαφολάττοιντο.

307 652 350 721 ἐν’.
386 653 485 722 Ἀλλά
504 653 564 741 γάρ
590 655 634 742 τῷ
657 655 789 740 Ναρσῇ,
824 650 864 717 τό
864 679 925 739 χης
949 677 983 717 τε
1003 651 1107 729 αἰσίοις
1124 655 1312 742 κσρῆσαντι,

224 753 281 820 καί
290 753 326 819 τό
341 757 496 842 πρακτέον
511 746 626 839 άριστα
639 779 683 837 μη
684 757 903 841 χανησαμένρυ,
926 747 1049 835 ἅπαντα
1064 755 1096 830 ἐς
1110 756 1179 818 Ιόέον
1197 748 1313 841 άπέβη.

193 849 332 938 niuosis}
360 852 419 940 γάρ
447 850 476 916 οἱ
504 851 658 938 βάρβαροι
687 847 743 930 ’ξόν
767 855 827 938 βοῇ
846 853 942 939 πολλῇ
966 850 1021 915 καί
1042 845 1211 940 α’λαλαγμῷ
1236 853 1330 940 δρα-5

222 962 312 1035 μαῑοι
332 952 573 1032 ἐπανελθόντες,
595 950 792 1036 συνέρραξαν
806 959 870 1025 τοῖς
894 946 1086 1032 Ῥωμαιοις,
1107 945 1224 1015 αὐτίκα
1244 953 1312 1016 όιέ-

220 1076 332 1119 σεισαν
347 1049 421 1126 τοός
437 1049 491 1114 im*
507 1050 550 1137 τῷ
567 1048 697 1135 όμφαληό
713 1046 934 1135 πρωτοστάτας
962 1044 1048 1136 άμφό
1066 1044 1102 1113 τό
1114 1040 1239 1131 κένωμα
1257 1051 1313 1114 έσ-

222 1151 377 1226 πεσόντες·
418 1140 504 1212 οάπω
524 1146 584 1234 γάρ
609 1140 752 1233 παρῆσαν
774 1139 971 1234 οἱἜρυυλοι,
993 1143 1062 1232 ἥτε
1082 1141 1183 1234 άρχη,
1205 1149 1314 1212 όιατε-

221 1249 326 1330 μοῦσα
344 1245 378 1311 τό
397 1243 498 1331 βάθος
521 1248 584 1311 τῶν
603 1247 720 1329 λόχων,
740 1244 797 1311 καί
810 1246 905 1334 φόνον
919 1241 955 1310 ori
977 1245 1075 1312 πολόν
1098 1244 1310 1334 ἐργασαμένη,

222 1348 303 1435 όπὲρ
322 1341 571 1433 τοόςόόραγοός
596 1347 757 1431 ἐξηνέχθη.
779 1344 856 1412 ἔνιοι
875 1348 910 1410 δὲ
925 1346 1030 1411 αότιόν
1057 1346 1112 1411 καί
1130 1349 1349 1432 περαιτέρωιο

220 1449 365 1533 έχιόροον
389 1446 434 1523 ὥς
458 1444 493 1510 τό
518 1441 729 1533 στρατόπεδον
748 1447 811 1511 τοῖν
826 1444 1002 1528 Ῥωμαίων
1024 1445 1214 1534 αἱρήσοντες.
1242 1441 1314 1509 τότε

221 1544 298 1631 siri—i
314 1548 455 1632 ’Ναρσῆς
468 1544 653 1629 ἐπικάμψας
670 1545 774 1630 η’ρέμα
799 1544 855 1609 καί
868 1545 1070 1631 όπομηκόνας
1090 1543 1129 1610 τά
1149 1546 1237 1631 κέρα,
1259 1543 1316 1608 κατ’

222 1641 410 1725 ἐπικάμπιον
431 1644 625 1730 ἐμπροσθίων
646 1643 663 1729 (
672 1644 718 1718 σός
734 1636 775 1708 άν
799 1642 829 1708 οἱ
852 1643 993 1708 τακτικοό
1016 1639 1220 1747 όνομάσαιεν)
1254 1640 1313 1727 τὴν

224 1744 370 1828 φάλαγγα
391 1745 607 1826 καταστήσας,
640 1739 893 1828 παρακελεύεται
904 1752 969 1820 τοῖς
986 1739 1202 1822 ἱπποτοξόταις
1221 1743 1313 1828 έφιέ-

221 1866 275 1906 ναι
299 1840 339 1906 τά
356 1845 434 1927 βέλη
453 1839 646 1927 ἑκατέρωθεν
669 1842 860 1926 έναλλάγόην
874 1844 907 1918 ές
921 1839 961 1907 τοὶ
977 1841 1160 1930 μετάφρενα
1172 1845 1238 1906 τῶν
1256 1845 1349 1910 rto-15

138 2015 144 2039 ι
220 1938 348 2021 λεμίων.
377 1939 407 2002 οἱ
428 1942 465 2004 tt
489 1937 567 2004 κατά
583 1932 691 2005 ταῦτα
717 1936 831 2028 ῥηιδίως
853 1938 990 2005 ἐποίουν.
1032 1937 1087 2005 άτε
1111 1937 1168 2026 γάρ
1198 1938 1313 2020 πεζοός

144 2048 216 2114 1),λὸ
225 2031 318 2115 όντας
340 2038 415 2113 τοός
427 2038 613 2125 βαρβάρους
629 2041 665 2103 ἐκ
686 2039 748 2102 τῶν
764 2040 868 2105 ἳππων
884 2039 1147 2126 όπερανέχοντες,
1174 2035 1313 2113 εόκολιό-

220 2142 301 2203 τατα
317 2131 468 2223 ἦόόναντο
483 2136 609 2221 βάλλειν
627 2135 662 2202 τό
683 2137 859 2225 ἀφεστηκός
886 2138 941 2203 καί
954 2135 1136 2223 ἦπλωμένον
1151 2138 1208 2204 κατ’
1221 2137 1313 2204 ἐλεό-

219 2229 317 2323 ’θερον
336 2240 393 2300 τοῦ
410 2239 682 2323 ε’πιπροσθοῦντος.
710 2234 764 2301 καί
779 2230 818 2322 ἧν
836 2232 873 2327 ori
891 2235 1038 2321 χαλεπόν,
1056 2232 1154 2320 οἶμαι,
1173 2245 1240 2315 τοῖς
1260 2241 1315 2303 έπί

221 2338 285 2402 τοῖν
301 2331 404 2423 άκρων
422 2335 568 2412 ἱππόταις
607 2336 650 2401 ’τό
671 2339 734 2418 μὲν
754 2335 833 2401 κατά
853 2339 936 2423 σφᾶς
952 2341 1046 2424 μέρος
1064 2339 1126 2401 τῶν
1147 2338 1345 2419 όοσμενῶνιο

218 2433 278 2500 ’καὶ
295 2433 522 2519 πλησιαίτατον
544 2433 747 2521 ὑπερβαίνειν
772 2443 837 2512 τοῖς
861 2440 985 2519 βέλεσι,
1014 2433 1089 2510 τοός
1115 2437 1151 2500 δὲ
1173 2428 1308 2520 άντικρό

225 2535 436 2619 φαινομένους
453 2531 644 2619 τιτριόσκειν.
673 2537 894 2620 όιεπερονῶντο
911 2535 1077 2622 τοιγαροῦν
1094 2531 1253 2598 πάντοθεν
1271 2528 1309 2597 τά

259 2652 281 2689 ι.
291 2633 415 2686 ὀπίσθια
427 2630 477 2686 tut
485 2631 516 2687 τό
527 2634 602 2687 Suisl.
639 2638 663 2691 5.
673 2637 762 2708 πολλῇ
771 2637 831 2688 odd.
847 2654 879 2688 ex
889 2638 916 2687 il.
935 2643 963 2688 et
972 2638 1054 2704 lntpr.
1064 2654 1125 2689 cum
1135 2637 1255 2690 clamore
1266 2639 1311 2690 in·

218 2779 221 2784 1
256 2707 341 2776 genti.
352 2707 378 2761 6.
388 2705 489 2758 αὐτίκα
496 2704 526 2758 δὲ
534 2709 562 2757 R.
586 2725 623 2761 rr.
631 2707 798 2778 αἱρήσοντες
805 2709 833 2758 R.
856 2725 893 2759 12.
904 2703 939 2758 τά
958 2709 1026 2777 κέρα
1034 2709 1072 2770 tt,
1082 2703 1116 2757 τά
1126 2710 1232 2777 κέρατα
1242 2709 1308 2777 vulg.

222 2806 251 2853 et
264 2818 298 2853 ex
310 2797 371 2854 tuto
389 2801 580 2871 confligerent,
602 2803 685 2855 scutis
702 2802 833 2872 protecti5
854 2810 930 2871 terga
943 2803 1007 2855 vero
1025 2811 1119 2856 mutua
1133 2803 1183 2856 illu
1195 2806 1270 2858 inter
1281 2823 1308 2858 se

224 2872 456 2942 contrapositione
469 2879 620 2924 tuerentur.

293 2962 318 3012 9.
354 2943 461 2996 Narseti
479 2952 588 3004 autem,
608 2949 636 2995 et
651 2958 807 3014 prosperam
825 2943 963 2995 fortunam
982 2950 1076 3008 nacto,
1110 2942 1213 3014 quique
1237 2943 1310 3017 quod

218 3011 296 3065 *facto
310 3021 369 3065 erat
386 3031 453 3083 opus
466 3013 568 3082 optime
585 3014 762 3083 excogitaret,
780 3021 878 3066 cuncta
895 3029 928 3065 ex
945 3015 1029 3065 animi
1049 3015 1185 3066 sententia
1202 3033 1308 3068 succes-

223 3098 293 3138 sere.
328 3084 474 3154 Postquam
500 3083 573 3135 enim
611 3083 719 3135 barbari
740 3084 844 3154 ingenti
864 3085 980 3136 clamore
1003 3085 1166 3154 ululatuque
1190 3089 1308 3140 excitato

224 3152 384 3204 concitatius
403 3161 563 3221 proruentes
579 3153 713 3222 impetum
730 3154 760 3205 in
776 3158 908 3207 Romanos
923 3156 1060 3216 fecerunt,
1077 3155 1220 3208 confestim
1232 3167 1309 3222 autc·

222 3221 348 3290 siguauos
366 3222 457 3274 medlo
472 3225 546 3275 inter
563 3223 618 3276 duo
633 3242 733 3281 cornua
742 3225 803 3276 loco
815 3233 917 3277 stantes
932 3234 1137 3292 perrumpentes
1153 3227 1183 3279 iu
1194 3243 1310 3280 vacuum

223 3291 305 3344 illum
319 3292 452 3344 exercitus
476 3294 567 3345 locum
587 3296 741 3360 irruerunt;
765 3312 854 3365 neque
878 3297 953 3347 euim
974 3293 1063 3346 adhuc
1078 3296 1173 3348 Heruli
1191 3297 1310 3350 advene-

216 3369 297 3414 ·rant:
318 3371 346 3415 et
362 3367 449 3431 prlma
473 3364 584 3434 quidem
607 3364 744 3420 barbariei
770 3365 904 3417 exercitus
921 3383 998 3435 pars,
1025 3366 1158 3432 perfracta
1181 3367 1311 3420 ordinum

218 3432 309 3495 veerte,
334 3440 363 3486 et
379 3432 462 3485 caede
481 3452 536 3487 non
552 3452 648 3505 magna
665 3435 757 3498 edita,
774 3436 808 3486 in
831 3445 997 3504 postremum
1015 3437 1083 3486 aciei
1105 3454 1201 3507 agmen
1219 3437 1311 3490 delate

215 3510 279 3566 est,
306 3504 432 3557 nonnulli
449 3521 512 3557 vero
530 3505 613 3556 etiam
632 3505 745 3557 ulterius
757 3507 907 3574 progressi,
925 3514 1056 3576 tanquam
1071 3508 1255 3560 Romanorum
1264 3526 1311 3560 ca-

151 3597 152 3600 ¹
222 3581 279 3625 stru
294 3590 324 3626 ca
344 3576 408 3626 turi.
446 3577 517 3626 Turn
541 3574 638 3627 Nartes
659 3574 765 3627 inflexis
789 3575 891 3626 sensim
911 3576 1098 3646 porrectisque
1115 3578 1183 3642 alis,
1204 3581 1311 3632 inversa

224 3646 294 3697 aciei
316 3593 406 3697 leonte
420 3644 510 3718 (quod
525 3644 589 3697 artis
607 3645 777 3715 illiusperiti
794 3645 974 3716 ἐπικάμπιον
996 3647 1181 3717 εμπροσθίαν
1193 3666 1311 3703 vocave-

225 3715 457 3788 rint)'equitibus
481 3715 632 3785 sagittariis
653 3715 780 3778 mandat,
807 3724 839 3768 ut
864 3718 993 3786 utrinque
1010 3718 1119 3786 sagittas
1137 3721 1167 3771 in
1185 3719 1312 3773 hostium

224 3792 299 3855 terga
319 3796 415 3838 mutuo
438 3786 577 3851 emittaut3
606 3786 681 3854 quod
708 3795 736 3837 et
754 3786 807 3854 ipsi
827 3787 906 3838 facile
922 3787 1103 3855 praestabunt.
1146 3789 1215 3842 Cum
1238 3793 1312 3842 cuim

226 3854 335 3910 barbari
350 3855 457 3925 pedites
475 3864 580 3918 essent,
595 3856 649 3924 ipsi
665 3872 698 3906 ex
710 3857 787 3926 equis
802 3854 939 3913 editiores*
950 3859 1240 3913 existentessacillime
1258 3878 1311 3930 po-

220 3933 314 3981 teraut
328 3928 412 3980 ferire
427 3924 558 3978 distantes
582 3933 778 3995 expansosque3
793 3943 883 3997 neque
899 3929 938 3979 eis
949 3933 1070 3982 anterius
1085 3931 1196 3982 officere
1211 3932 1310 3984 valen-

220 4003 271 4049 tes.
292 3998 388 4068 Neque
402 4004 461 4047 erat
475 3994 590 4046 difficile
606 3995 723 4065 arbitror
742 3997 882 4066 equitibus
901 3997 935 4050 ad
951 4003 1134 4052 extremitates
1145 4004 1310 4056 constitutis

220 4068 362 4136 proximos
380 4065 483 4116 sibiet
505 4081 588 4136 uquam
607 4068 724 4128 manime
747 4068 852 4120 uicinos
875 4068 967 4124 hostes
984 4073 1087 4140 sagittis
1109 4075 1309 4140 transmittere;

222 4153 269 4188 eos
287 4148 352 4187 vero
377 4135 426 4204 qui
448 4150 482 4186 cx
496 4134 876 4206 ¹eslrersoconspiciebantur
896 4137 1045 4194 vulnerare.
1089 4141 1310 4198 Traiiciebantur

221 4205 317 4278 itaqrre
331 4201 443 4259 Francis
457 4205 533 4258 omni
548 4222 584 4260 ex
593 4210 780 4279 ‘porte·terga,
799 4211 925 4264 Romanis
941 4211 1051 4283 quidem
1066 4212 1121 4281 qui
1131 4213 1168 4264 ad
1182 4214 1309 4270 dextrum
