2738 4816
395 231 678 300 ursronunuu
707 241 732 299 1.
755 243 783 312 γ.
1085 241 1153 324 ορ

23 396 24 399 ’
88 389 159 472 μηδέν
176 407 204 451 τι
225 377 308 450 εἶναι
328 381 364 449 τύ
384 383 536 470 ἡδόμενον
558 391 678 470 βωμοῖς
701 388 813 469 αἵματι
832 391 1062 472 μιαινομένοις,
1082 388 1173 454 euin.
1187 399 1215 451 c.
1230 400 1279 454 552
1312 399 1313 403 ’

22 525 26 534 ·
89 484 285 572 ζύωνύλέδρηι
298 481 486 574 βιαιοτάτῳ·
512 487 543 550 εἰ
562 488 597 551 δέ
615 511 650 571 γε
670 478 734 573 άρα
758 489 814 552 καύ
839 485 946 554 άτιοῦν
968 487 1007 555 τά
1026 487 1133 553 τοιάδε
1144 472 1164 523 Ῑ·
1177 473 1196 525 ¹·
1213 475 1247 525 ²⁶

22 638 23 645 ,
88 587 244 668 προσιεσδαι
257 585 405 668 πέφυκεν,
419 578 541 669 άγαθύν
552 589 613 668 μέν
626 585 683 651 οὐκ
695 581 735 652 alr
752 583 801 671 εἴη
818 587 893 652 οὐδὲ
906 584 1031 672 ἥμερον,
1047 581 1138 673 άγρι-

88 704 117 745 ον
131 683 159 746 δέ
170 706 198 745 τι
212 679 287 756 ἴσως
305 680 360 746 uui
373 685 547 766 μανιῶδες,
564 683 670 751 ὁποῖον
692 683 748 751 τύν
765 690 882 769 Δεῖμον
903 681 1137 752 ἀναπλάττουσι
1217 735 1218 738 ,
1255 695 1257 699 ’

72 779 169 865 5μάτην
195 780 220 844 oi
235 785 364 866 ποιηταὶ
381 780 435 847 κατ’
454 781 510 849 τὸν
534 783 651 867 Φόβον,
666 779 763 852 'Esou
785 789 819 851 τέ
840 809 927 864 τινα,
954 789 1009 850 καί
1027 779 1136 870 Ἄτην,

87 877 136 942 καὶ
150 871 240 965 Ἔριν,
269 879 313 957 ὥς
338 873 378 945 άν
402 882 497 947 αύτοί
512 891 623 970 φαῖεν,
644 881 700 969 την
721 882 945 967 ἀμαιμάκετον·
973 883 1137 970 προστίθει

88 979 123 1041 δὲ
138 979 245 1062 τούτοις,
265 981 296 1045 εἰ
306 980 425 1063 βούλει,
446 984 501 1049 καί
516 980 570 1048 τὸν
581 982 668 1068 παρά
678 985 823 1072 Πέρσαις
833 984 1022 1065 καλούμενον
1029 977 1137 1069 Ἀρει-

89 1075 184 1161 μάνην,
210 1081 263 1144 καί
286 1082 350 1144 τῶν
369 1072 473 1145 intur
495 1081 635 1164 χθονίων
658 1082 832 1169 φασμάτων
854 1080 955 1147 ὅπόσα
978 1086 1163 1167 κακούργου

90 1172 139 1238 καί
146 1177 290 1264 μιαιφύνα.
305 1181 405 1243 ταῦτα
423 1181 482 1260 μὲν
498 1174 555 1260 ούν
571 1184 601 1247 εἰ
618 1184 674 1247 καί
684 1180 760 1260 ἴσως
770 1175 809 1246 άν
819 1206 862 1270 τρι
873 1185 992 1248 δοκοῖεν
1005 1177 1041 1245 ού
1052 1179 1140 1264 μάλα

57 1274 125 1357 ποτῇ
139 1276 283 1367 έπσγγελιρι
305 1277 489 1365 προσήκειν,
515 1277 597 1349 εἶναι
617 1283 662 1356 δὲΙ
678 1278 810 1368 περιττά
831 1279 887 1347 καύ
906 1280 1058 1366 ἀλλότρια
1077 1282 1140 1345 τῶν

89 1371 134 1457 ἐφ’
145 1369 161 1438 ά
173 1377 244 1470 ι’έναι
268 1374 344 1461 ἡμῖν
366 1375 629 1462 διεσπούδασται,
651 1381 721 1445 oili’
736 1379 841 1464 έμοιγε
857 1378 912 1444 καί
927 1379 998 1444 διἀν
1014 1373 1142 1465 άρέσκει

90 1463 187 1538 ἅπαντα
203 1476 235 1552 ἐς
248 1478 348 1557 μέσον
367 1467 455 1559 άγειν
468 1475 510 1541 τά
531 1480 726 1561 ἐγνωσμένα,
748 1480 803 1543 καί
816 1477 856 1544 τά
873 1479 932 1559 μὲν
943 1475 1065 1563 χρηστά
1079 1479 1141 1541 τῶν

72 1573 252 1652 ’πραγμάτων
268 1576 303 1640 έν
323 1576 441 1663 ε’παύνφ
461 1581 641 1659 ποιεῖσθαι,
661 1581 726 1642 τοῖν
743 1579 778 1643 δὲ
802 1578 879 1660 ον’χύ
900 1578 1029 1643 τοιάνδε
1046 1600 1141 1659 κατη-

91 1679 170 1751 γορεῖν
187 1669 393 1761 ἀναφανδὸν,
418 1679 480 1743 stt
493 1674 540 1741 ,σύ
564 1668 750 1764 άσύμφορον
769 1678 948 1761 διελέγχειν.
975 1676 1006 1740 εἰ
1016 1671 1075 1759 γάρ
1095 1672 1139 1758 μη“

58 1767 159 1832 riwin
170 1769 268 1856 ἔχοιεν
292 1771 326 1840 αἱ
342 1771 501 1858 ἱστορίαι,
528 1771 573 1851 sir
597 1779 692 1863 ταύτῃ
710 1799 746 1860 γε
765 1778 820 1841 καὶ
846 1770 1147 1859 μᾶλλονχρήσιμού

67 1888 68 1893 ’
91 1885 119 1924 τι
131 1863 193 1935 εἶναι
204 1876 259 1937 καί
274 1877 532 1959 βιωφελέστατοι,
552 1873 631 1960 μόνη
644 1877 679 1939 δὲ
700 1875 857 1962 ἀφήγησις
876 1867 1008 1939 εἶεντάιν
1019 1896 1142 1958 γεγενη-

88 1967 169 2041 μένων
188 1971 272 2055 άπλῆ
286 1997 328 2038 τε,
340 1976 396 2037 καύ
413 1973 630 2056 άνεξέταστος,
660 1973 892 2041 κινδυνεύσοιεν
912 1970 990 2048 ἴσως
1012 1965 1052 2037 liv
1067 1975 1179 2054 nap’p
1193 1997 1227 2058 ηρ

88 2061 169 2151 ,ἔνιὀις,
187 2072 217 2136 εἰ
227 2069 272 2155 μή
295 2070 366 2136 λύσιν
381 2069 483 2137 δεινὸν
503 2074 619 2157 εἰπεῖν,
640 2067 678 2137 ού
697 2076 803 2162 notingi
817 2069 903 2139 εἶναι
922 2066 1070 2153 άμείνονς
1086 2070 1148 2134 των

88 2157 347 2248 ἒογοναικωνιτιδι
361 2169 447 2256 παρά
479 2168 538 2256 τήν
560 2175 714 2238 colunias
733 2173 895 2260 ᾀδομένων
919 2170 1142 2254 μοδολογημά

54 2276 142 2330 soror.
175 2270 291 2334 τούτων
306 2273 366 2351 μὲν
386 2263 443 2335 σύν
460 2274 533 2359 πέρι
559 2268 645 2357 άύςπη
671 2269 791 2362 ἑκάστην
808 2270 901 2359 psl-cv
916 2272 989 2360 τῇδε
1008 2270 1141 2349 οἰέσθω,

86 2354 142 2435 ἐμοί
156 2369 187 2432 δὲ
206 2359 285 2456 ιἢπερ
304 2366 323 2430 ά
345 2369 490 2459 πράτερος
508 2371 638 2458 ἐφέρετο
656 2371 763 2456 λόγος,
782 2368 881 2458 ταύτῃ
900 2371 980 2437 ἰτέα.
1007 2364 1142 2432 Λούδα-

136 2502 157 2558 8.
173 2503 370 2572 κακοῦργαΒ.,
390 2505 439 2567 καὶ
453 2506 598 2576 κακοῦργοι
611 2507 681 2578 vulg,
732 2527 758 2577 9,
777 2506 803 2557 el
821 2523 872 2559 om
885 2506 914 2556 ll.
958 2493 1021 2570 Post
1032 2502 1069 2571 τῷ
1087 2504 1141 2554 ite-

135 2581 172 2625 rat
188 2577 237 2625 καὶ
257 2575 328 2644 vulg.
388 2573 499 2628 δοκοῖεν
519 2578 565 2640 tt,
591 2574 700 2635 δοκοῖεν
721 2579 791 2629 vul.
856 2578 895 2646 14.
911 2576 942 2627 ἐδ
958 2571 1016 2645 γάρ
1036 2573 1092 2644 μὲν
1111 2575 1141 2631 R.

137 2647 171 2701 15.
188 2643 276 2716 ταύτη
295 2659 325 2696 τε
342 2646 381 2707 u,
399 2648 483 2715 lntpr.
502 2646 581 2699 odi:
599 2646 650 2700 lsoe
669 2645 748 2701 modo
760 2595 923 2700 ύίνσνίσισι
943 2645 1141 2718 (πεποικιλμέ-

134 2715 196 2786 ναι).
273 2731 314 2784 ιγ.
334 2714 613 2781 κινδυνεύσαιενω,
632 2717 846 2773 κινδυνεύσειεν
861 2719 934 2787 vulg.
953 2724 982 2769 et
998 2718 1027 2767 R.
1102 2717 1142 2772 18.

83 2782 221 2871 ’,ἐτνίτας
240 2788 272 2838 R.
347 2805 387 2856 ¹9·
406 2787 438 2840 ἐν
454 2787 485 2857 τῇ
504 2805 566 2857 γυν.
587 2790 657 2859 vulg.
736 2807 778 2842 so.
797 2786 893 2858 ὥσπερ
912 2789 941 2838 R.
1018 2781 1142 2857 nfideli,

137 2854 274 2926 urierulg.
347 2876 388 2910 nr.
409 2857 527 2929 ἐφέρετο
547 2856 632 2928 λόγος
650 2862 690 2922 n,
709 2857 793 2929 λόγος
809 2857 1007 2928 ἐφέρετοταδς.

80 2953 140 3009 nihil
161 2958 272 3012 iucundi
297 2959 419 3014 accidere
442 2962 495 3012 eris
514 2961 644 3031 sanguine
661 2960 791 3028 pollutis,
810 2966 837 3011 et
854 2957 1017 3010 animalibus
1035 2957 1142 3009 violen-

78 3028 166 3081 tissima
182 3048 249 3084 nece
268 3033 378 3083 affectis.
415 3031 561 3102 Quidquid
578 3048 641 3084 vero
660 3032 771 3092 omnino
793 3027 950 3081 huiusmodi
970 3045 1013 3081 res
1028 3036 1141 3095 appete-

75 3103 265 3164 recensuerit,
283 3101 388 3155 bonum
407 3099 518 3172 quidem
535 3118 591 3152 non
609 3101 708 3163 fuerit,
725 3117 816 3169 neque
833 3099 998 3169 benignum,
1024 3097 1071 3150 sed
1089 3099 1142 3148 im-

73 3175 244 3242 manepotius
261 3172 485 3242 atque‘insaniae
509 3171 603 3235 aliine,
620 3174 701 3241 quale
719 3173 846 3224 Pavorem
864 3186 932 3223 vane
949 3171 1055 3238 lingunt
1074 3175 1143 3235 poe·

71 3245 107 3292 tae
124 3251 152 3294 et
175 3243 314 3305 Timorem
339 3250 368 3294 et
382 3243 466 3310 Enyo
482 3242 618 3314 quandam
644 3249 673 3294 et
688 3241 760 3294 Ateu
782 3249 811 3293 et
826 3240 920 3304 Eridu,
943 3249 975 3292 ut
993 3241 1046 3310 ipsi
1064 3238 1143 3290 dixe·

70 3311 119 3365 rint
144 3312 356 3385 δμαιμοίκετον.
401 3313 479 3366 Adde
505 3329 569 3364 vero
598 3311 656 3374 his,
677 3313 702 3364 si
719 3313 824 3380 placet,
852 3313 933 3364 ctism
959 3311 1038 3362 illum
1061 3327 1143 3379 quem

69 3380 155 3437 Persae
173 3385 317 3436 nominant
326 3383 494 3445 Ammonem,
514 3391 543 3435 et
559 3399 574 3434 e
593 3384 708 3435 terrenis
725 3383 836 3452 spectris
854 3397 1039 3466 quaecumque
1058 3381 1144 3431 male-

70 3452 113 3505 lica
130 3463 197 3506 sunt
215 3463 246 3509 et
261 3453 442 3522 sanguinaria.
477 3454 561 3525 Atqui
578 3452 646 3506 hoec
663 3454 770 3506 tametsi
795 3455 915 3523 cuipiam
933 3452 1020 3506 videri
1038 3452 1144 3519 possint

69 3527 240 3594 promissioni
259 3541 335 3576 meae
353 3540 525 3594 nequaquam
536 3526 695 3587 convenire,
713 3522 762 3577 sed
779 3526 870 3594 potius
886 3538 1081 3593 supervacanea
1099 3527 1144 3570 at-

70 3610 116 3663 que
135 3595 171 3648 ab
191 3597 320 3648 instituto
339 3611 400 3646 meo
418 3595 618 3646 alieno:'iuvnt
634 3602 725 3647 tamen
742 3611 785 3646 me
800 3602 829 3646 et
864 3594 956 3648 uidem
971 3605 1143 3660 magnopere,

70 3667 172 3730 omnia,
197 3684 268 3738 quae
293 3665 400 3734 cognitu
416 3663 484 3717 mihi
503 3672 582 3727 sunt,
609 3665 639 3716 in
658 3663 779 3718 medium
797 3613 933 3733 prolerre,
952 3672 981 3715 et
997 3670 1069 3715 recta
1086 3661 1144 3711 col-

70 3733 194 3799 laudare,
238 3752 299 3788 ruvo
320 3743 413 3804 aperte
440 3735 567 3786 damnare
578 3769 586 3798 ,
612 3735 721 3801 inutilia
738 3752 890 3804 coarguere.
925 3733 985 3785 Nisi
1002 3732 1075 3782 enim
1092 3730 1146 3782 hoc

70 3801 199 3859 haberent
240 3807 358 3869 sturiae,
376 3814 408 3857 ut
426 3803 477 3857 bac
495 3807 575 3857 etiem
594 3821 627 3856 ex
644 3815 721 3874 purte
735 3813 762 3856 et
775 3803 885 3876 quidem
897 3803 1041 3872 praecipue
1061 3803 1145 3853 utiles

71 3870 258 3949 humanaeque
275 3877 348 3928 vitae
365 3876 550 3928 conducibiles
569 3883 675 3941 essent;
695 3876 743 3927 sed
762 3878 819 3928 sola
835 3880 1069 3942 rerumgestarum
1084 3890 1146 3923 nar·
1234 3889 1235 3893 ¹

74 3947 171 4000 ratione
190 3965 279 4020 eaque
297 3947 414 4015 simplici
430 3947 597 4015 minimeque
618 3953 742 3998 accurata
757 3952 926 3998 constarent:
945 3944 974 3994 in
992 3943 1147 4011 periculum

75 4019 193 4071 venirene
211 4016 286 4086 apud
303 4015 466 4079 nonnullos,
485 4033 520 4068 ne
537 4015 603 4087 (nisi
619 4015 672 4068 hoc
688 4033 813 4084 asperum
831 4015 906 4066 dictu
925 4013 972 4085 sit)
985 4031 1042 4066 non
1058 4013 1145 4064 multo

77 4088 195 4142 meliores
213 4096 389 4140 censerentur
404 4085 520 4150 fabulis,
537 4103 607 4157 quae
624 4087 655 4138 iu
672 4085 794 4140 coetibus
809 4083 988 4138 muliebribus
1007 4085 1037 4134 in
1054 4082 1146 4133 lanifi-
1209 4112 1211 4123 ‹
1260 4125 1262 4143 ,

79 4155 114 4211 tio
131 4157 314 4215 decantantur.
349 4159 391 4212 De
409 4157 452 4213 his
470 4159 565 4230 itaque
589 4157 706 4229 quisque
722 4164 754 4210 ut
770 4156 837 4210 velit
852 4156 969 4222 sentiam
996 4152 1064 4206 mihi
1082 4167 1146 4227 vero
