2730 4816
217 182 272 286 4ο
498 245 499 251 ¹
658 208 868 276 acarnnn

19 388 27 397 ·‘
72 371 101 427 t.
118 367 350 449 cesariana,
382 357 453 433 ούτε
482 365 580 452 λύτρα
606 363 833 448 κομισάμενος,
851 355 925 434 erite
955 355 1033 431 cilio
1065 389 1096 432 τι
1124 366 1183 453 τήν·
1211 368 1308 449 πόλιν

100 443 209 538 ”²⁶
224 467 387 553 ὁμολογεῖν
408 464 604 551 ἀναγκάσας.
633 463 864 547 θαυμαζόντων
889 469 925 531 δὲ
941 469 1013 531 ’τῶν
1031 470 1225 550 Λουκανύν,
1252 468 1312 536 καὶ

186 565 292 635 Birra
317 564 357 653 δὴ
386 569 477 632 ἕνεκα
502 569 598 632 ,τοῦτο
628 563 772 652 δράσειεν
791 564 1068 655 ἀμφιγνοούντων,
1088 568 1150 650 „oti
1169 568 1309 655 σύνηθες

216 668 295 750 ἐμοί
303 670 360 753 γε”
374 662 436 754 ἔφη
454 658 691 751 ,βωμρλοχύαις
707 688 740 730 τε
755 655 992 753 καίγλίσχραις
1013 668 1136 733 ἐλπίσιν
1149 671 1311 752 ἐγκαλλω-

217 771 376 848 πίζεσθαι.
401 763 490 850 οἶμαι
513 755 573 852 peip
602 763 658 830 καί
679 763 799 831 τούτων
816 757 913 847 ἄνευ,
940 766 971 831 εἶ
989 763 1101 851 μῆτὸς
1119 766 1253 851 τάχιστα
1275 765 1330 838 ἓ-5

217 864 320 944 κόντες
336 863 420 934 εἶναι
438 865 715 954 προσχωρήσοιτο,
736 863 818 931 ἄλλό
843 861 1010 950 ταῦτάγε
1031 866 1119 949 ὁμᾶς
1142 869 1310 958 παραστή-

216 970 357 1034 σονται.”
373 958 429 1031 sel
447 961 514 1048 ἅμα
532 967 835 1047 λέγωνέπεδείκνοεν
849 962 889 1031 τὰ
901 966 987 1052 ξίφη.
1008 963 1039 1031 οἱ
1056 970 1116 1050 μὲν
1137 969 1177 1053 δή
1194 960 1310 1056 ἄνδρες

218 1068 385 1155 ἀφειμένοι
392 1118 403 1148 ,
419 1063 474 1131 κατ’
482 1074 547 1142 τοῖς
568 1063 745 1154 ὁμοφύλοις
761 1065 1001 1150 ἅναμιχθέντες,
1021 1066 1056 1131 όν
1074 1068 1216 1157 εύφημόρι
1231 1074 1312 1133 πσλ-

217 1169 258 1254 λῇ
273 1164 329 1232 τόν
347 1167 480 1252 Ναρσῆν
495 1168 659 1237 ἐποιοῦντο
678 1161 819 1241 irrisorie
838 1164 1008 1250 ξυλλόγους
1027 1170 1211 1254 φοιτῶντες·
1235 1170 1312 1251 ἐμέ-

217 1289 334 1350 μνηντο
353 1267 389 1330 δὲ
404 1268 460 1352 τῆς
478 1268 610 1352 κομιδῆς
628 1256 663 1331 τε
683 1263 740 1331 uui
760 1266 939 1347 ἐπιμελείας
963 1262 1083 1352 ὁπόσης
1102 1265 1216 1352 ἔτυχον
1231 1265 1353 1354 πρόςιο

218 1365 342 1449 αύτοῦ,
373 1359 421 1431 ότι
442 1389 477 1431 τε
510 1367 667 1450 μειλίχιος
683 1363 751 1432 ,καὶ
769 1363 937 1448 εύόμιλος,
965 1368 1021 1431 κατ’
1038 1361 1073 1430 τό
1094 1364 1314 1453 μεγαλουργὸν

218 1460 289 1549 ἔχοι
302 1467 345 1554 τῷ
361 1466 471 1555 δικαιλγ
494 1466 770 1553 οἷνακεκραμόνον,
799 1461 985 1550 ἑκασταχοῦ
1017 1468 1234 1553 ἔψυθυριζετο.
1258 1465 1317 1532 κατ’

143 1554 144 1563 ¹
220 1562 351 1649 ἔμελλον
371 1559 436 1652 ἄρα
456 1565 514 1630 cdx
533 1567 567 1642 ἐς
584 1562 712 1652 μακρόν
728 1567 794 1631 οἵδε
822 1564 853 1631 οἱ
874 1563 961 1650 λόγοι
975 1568 1106 1649 μείζονα
1120 1562 1186 1632 τῶν
1207 1560 1315 1634 iulus

141 1668 169 1723 P·
181 1665 485 1751 26διαπρόττεσθαι,
503 1668 748 1751 κατακηλούντες
763 1668 822 1732 τού
836 1664 984 1751 πλήθους
996 1662 1114 1731 ὁπόσον
1130 1665 1237 1754 φιλερι
1260 1670 1317 1733 καί

220 1767 455 1848 παλιμβουλον,
476 1763 533 1852 καὶ
559 1762 603 1840 τός
625 1765 791 1842 πλειστοος
814 1761 1061 1854 οἷναπεισειντύ
1079 1765 1257 1851 ἸἹίσμαιίον
1282 1762 1353 1841 ἓ-τὸ

219 1868 345 1934 λόσθαι.
719 1929 723 1934 ,

303 1961 356 2033 ιδ’.
367 1959 434 2031 Ἔτι
449 1967 486 2032 δὲ
510 1968 570 2032 τού
586 1967 723 2053 Napaei
733 1969 771 2054 τῇ
792 1971 956 2059 πολιαρκιρι
971 1969 1245 2054 προσκαθημένου,
1268 1963 1309 2035 τοὶ

220 2066 444 2147 όςιΑἶμιλτιαν
464 2067 613 2131 σταλέντα
625 2068 688 2132 τῶν
705 2067 874 2150 Ῥωμαίων
887 2067 1105 2155 στρατεύματα
1112 2074 1154 2151 δ’,
1175 2065 1309 2154 ἐταράτ-

220 2190 288 2252 τετο
301 2175 367 2241 τοῖς
380 2170 611 2249 ξυνενεχθεῖαι,
630 2164 688 2230 καί
701 2168 885 2257 ὁυσθυμιζι,
898 2158 1005 2256 ὥσπερ
1023 2165 1125 2249 εἰκός,
1146 2170 1244 2254 πολλῇ
1262 2163 1318 2231 ἑα-

221 2263 324 2335 λιόκει.
342 2261 451 2348 ἐπειδὴ
470 2262 530 2351 γὰρ
548 2262 663 2330 αὐτόσε
681 2265 851 2352 α’φίκοντο,
871 2264 910 2333 τό
925 2270 986 2350 μὲν
999 2269 1107 2355 πρῶτα
1121 2263 1180 2331 σόν
1198 2267 1352 2350 εύβου-οο

220 2365 275 2452 λίρι
293 2388 327 2429 τε
342 2363 399 2428 καὶ
414 2363 502 2442 τόξει
520 2359 644 2430 ἅπαντα
661 2361 823 2452 ἔπραττον.
840 2365 895 2432 καί
915 2366 1007 2433 εἵπου
1029 2362 1051 2454 ἢ
1073 2366 1181 2453 κόμην
1200 2364 1274 2457 τινὰ
1293 2359 1316 2453 ἢ

163 2474 165 2487 “
220 2461 362 2546 πόλισμα
385 2465 539 2545 δυσμενὲς
563 2463 743 2551 ληϊσόμενοι
772 2459 888 2554 ᾔεσαν,
916 2470 1154 2559 ξυντεταγμένοι
1172 2460 1213 2532 ed
1227 2466 1316 2551 μύλα

291 2601 318 2653 6.
329 2597 439 2656 tiroeeR.
457 2600 589 2671 etLugd.,
608 2619 660 2654 om.
674 2604 744 2674 vulg.
801 2622 839 2658 ra.
855 2601 1015 2672 ἑκασταχοῦ
1026 2606 1065 2668 Β,
1082 2606 1233 2673 πανταχοῦ
1245 2608 1317 2675 vulg.

295 2673 337 2724 18.
357 2670 410 2722 Ubi
437 2674 579 2724 asteriscos
606 2675 709 2743 posui,
728 2675 891 2729 exciderunt
909 2676 994 2727 verba¹
1016 2673 1217 2746 διαφθαρῆναι
1243 2693 1317 2730 πυν-

292 2740 470 2812 θανόμενος,
495 2752 543 2794 aut
565 2743 609 2795 his
634 2745 742 2798 similia.
778 2748 863 2813 Intpr.
884 2746 932 2797 uhi
957 2746 1096 2800 exercitur
1119 2777 1155 2787 —-
1175 2761 1317 2817 acceptum

292 2807 488 2869 detrimentum
504 2816 652 2870 intellexit.
741 2835 781 2887 ιφ.
800 2817 997 2886 ξυνενεχαεῑσι
1010 2819 1051 2883 lt,
1064 2820 1229 2888 ξυνεχοεῑσι
1246 2820 1318 2888 vulg.

184 2989 185 2992 =
222 2970 258 3006 ne
276 2953 311 3006 ab
324 2953 404 3008 surbe'
417 2959 531 3009 extorta.
567 2955 772 3017 Admirantibus
789 2974 854 3012 vero
871 2958 1005 3025 Lucanis,
1022 2945 1064 3024 ‚et'
1081 2975 1135 3030 quo
1155 2957 1271 3010 consilio
1289 2956 1320 3008 id

222 3024 334 3078 fecisset
362 3026 582 3096 ambigentibus,
615 3028 678 3081 Non
697 3037 738 3082 est
754 3029 810 3081 mei
826 3031 925 3093 meris,
948 3029 1055 3101 inquit,
1081 3028 1187 3081 adulari
1205 3036 1233 3078 et
1250 3043 1320 3080 vana

222 3112 272 3165 spe
299 3097 411 3147 lactare.
463 3097 533 3150 Nam
561 3099 643 3153 etiarn
667 3101 771 3171 absque
797 3097 857 3164 his,
890 3101 945 3152 nisi
970 3102 1052 3171 quarn
1082 3097 1211 3150 citissime
1240 3096 1320 3151 dedi·

222 3167 330 3218 tionem
352 3166 477 3232 faciatis,
503 3168 590 3236 haec,
608 3173 718 3242 inquit,
735 3171 944 3241 vos'subigent5
973 3170 1110 3239 simulque
1128 3167 1198 3217 haec
1215 3165 1320 3232 dicens,

224 3251 303 3288 enses
330 3236 369 3288 eis
387 3239 565 3294 ostentabat:
594 3240 716 3294 Obsides
733 3241 826 3312 itaque
854 3239 980 3302 dimissi,
1009 3248 1037 3291 et
1055 3236 1159 3290 civibus
1179 3237 1236 3288 suis
1256 3241 1320 3292 red-

225 3305 294 3371 diti,
312 3305 467 3375 Narsetem,
485 3313 610 3365 coetibus
627 3311 769 3365 hominum
788 3309 1052 3375 immixti‚.summis
1071 3305 1200 3360 laudibus
1222 3313 1319 3362 effere·

224 3377 306 3442 bant,
316 3381 534 3453 ,comitatemque
548 3401 603 3454 qua
616 3383 724 3453 excepti
741 3391 832 3452 essent
844 3381 1055 3451 praedicabant,
1076 3386 1105 3430 et
1121 3379 1195 3446 quod
1208 3380 1318 3433 blandis

225 3450 429 3522 commodisque
439 3455 563 3506 moribus
573 3454 713 3523 praeditus
725 3460 811 3515 esset,
832 3452 961 3524 qnodque
978 3449 1141 3522 singularem
1153 3453 1238 3502 animi
1258 3469 1316 3503 mu-

224 3520 633 3591 gnitudineminstitiaestudio
649 3532 824 3594 temperaret,
836 3524 936 3593 passim
954 3520 1164 3588 mus'sitabatur3
1182 3523 1316 3579 videban-

225 3600 326 3664 turque
350 3592 380 3645 hi
399 3597 537 3648 sermenes'
561 3595 639 3649 brevi
664 3596 726 3664 plus
755 3611 836 3664 quam
857 3610 930 3645 arma
962 3592 1103 3654 effecturi,
1131 3592 1317 3646 demulcentes

226 3672 394 3734 quotquot-e
414 3667 496 3737 vulgo
516 3673 592 3718 erant
611 3667 839 3717 contentiosiores
863 3665 1148 3728 etinconstantiores,
1174 3674 1203 3718 et
1222 3681 1317 3737 quam·

226 3736 360 3806 plurimos
378 3736 413 3787 ad
428 3739 712 3804 Romanorumpartes
728 3735 885 3788 sectandum
901 3735 1072 3788 concitaturi.

302 3807 341 3875 τό.
377 3806 492 3859 Nassete
510 3822 574 3859 vero
588 3806 678 3858 adhuc
689 3806 861 3859 obsidionem
877 3815 1005 3876 urgente,
1024 3807 1118 3876 copiae
1137 3808 1317 3858 Romanorum

227 3877 260 3927 in
272 3875 415 3929 Aemiliam
434 3879 549 3940 missae,
569 3877 687 3929 sinistris
702 3876 844 3942 eventibus
863 3877 1003 3946 perculsae
1016 3887 1107 3943 erant,
1128 3884 1157 3929 et
1168 3874 1256 3938 valde,
1274 3875 1316 3927 uti

227 3956 368 4017 parerat,
386 3949 484 3999 animis
501 3956 696 4000 consternatae.
733 3949 801 3999 Cum
817 3948 890 4000 enim
904 3966 958 4020 qno
972 3951 1071 4001 missac
1087 3956 1164 4001 erant
1174 3947 1316 4016 pervenis-

229 4025 307 4082 sent,
326 4020 409 4070 initio
422 4017 533 4087 quidem
549 4018 700 4088 prudenter
720 4019 901 4090 ordinateque
916 4022 1007 4072 omnia
1025 4021 1164 4090 gerebant,
1183 4025 1212 4069 et
1228 4015 1316 4068 sicubi

228 4089 320 4140 vicum
339 4088 459 4158 aliquem
481 4096 529 4140 aut
550 4089 683 4160 oppidum
706 4089 897 4161 depraedaturi
916 4092 1011 4157 ibant,
1029 4093 1087 4143 acie
1109 4105 1190 4160 quam
1213 4089 1317 4157 optime

229 4160 365 4214 instructa
377 4157 579 4230 pmcedebnnt,
597 4177 688 4236 neque
700 4161 807 4235 longius
823 4180 903 4237 quam
924 4181 975 4240 par
991 4170 1050 4223 crat
1061 4159 1249 4223 excurrebant,
1266 4173 1316 4216 ne·
