2738 4816
391 282 675 350 ursaoannuu
712 286 738 351 1.
759 289 810 355 ro.
1058 272 1062 279 ·
1107 256 1162 346 35

82 439 185 522 σμένα,
206 437 279 504 τότε
301 432 340 521 δὴ
360 436 507 523 φυλλάδα
534 439 700 524 νήσαντες,
728 441 784 504 κατ’
798 432 825 521 ὅ,
846 461 878 504 τι
897 443 952 528 τῆς
967 438 1046 530 δίλης
1064 470 1163 530 ταχυ.
1172 452 1203 509 Δ.
1214 452 1242 507 C.
1258 455 1312 512 552

74 541 144 615 δοές
162 561 199 603 τε
219 535 278 631 νηοί
290 529 387 618 σόον,
415 537 470 601 καί
485 529 556 601 εἶτα
574 536 744 612 ὑποθέντες
761 540 823 626 πῦρ
840 563 873 604 τε
892 542 1094 627 ἐναόσαντες,
1112 547 1164 611 ἐτι,
1176 526 1197 578 ¹·
1210 527 1231 578 ¹·
1243 529 1293 630 '⁶-

75 637 123 714 τός
137 631 339 722 ἐπεχείρουν.
367 630 424 699 οὐκ
444 636 477 711 ἐς
500 633 626 723 μακρόν
651 638 687 702 δέ
711 639 765 722 τῆς
785 636 897 725 φλογός
922 636 1091 728 ἆρθτιλτης,
1123 641 1186 708 etc

71 741 130 820 μέν
155 735 354 822 στηριγματα
374 731 478 810 εδθδς
493 729 736 822 όνθρακυόμενα
755 740 986 824 κατεθραόετο,
1015 745 1071 807 καί
1086 741 1164 830 πρός

19 834 131 924 ξοην
149 831 309 901 ἐντιθεσιν
334 833 492 899 ἐνεδίδου·
529 836 586 900 τοῦ
612 837 648 900 δέ
669 836 826 922 ἐρόματος
853 835 967 905 όπόσον
990 840 1038 904 ἐπ’
1055 824 1166 921 αέτοῖς

68 933 211 1027 ᾐωρεῖτο,
229 931 384 1022 όφίζανεν
400 928 519 1022 οἷθρόον
534 936 592 1000 καί
604 935 853 1003 secessissem
864 940 901 1026 τῇ
915 938 1062 1024 κενότητι,
1083 937 1165 1027 πόρ-

67 1061 120 1122 γοι
141 1059 178 1100 τε
201 1032 232 1099 οἱ
247 1033 377 1100 ἐνθένδε
399 1033 456 1098 καί
475 1037 699 1120 προμαχεῶνες
722 1036 910 1115 ἐξαπιναίως
933 1032 1165 1125 ἀπορραγέντες

69 1138 132 1202 τῶν
151 1128 273 1215 ἄλλων,
304 1134 338 1210 ἐς
362 1130 397 1199 τό
420 1137 537 1223 πρανὲς
558 1137 817 1221 secretusque·
846 1128 870 1220 η’
890 1161 925 1204 τε
949 1137 1033 1224 πόλη
1048 1139 1068 1225 ἦ
1084 1142 1165 1228 τῷδε

24 1296 28 1299 ,
68 1239 115 1324 τῷ
126 1237 219 1321 μέρει
234 1226 470 1320 προσαραρυῖα,
492 1237 719 1313 ξυνεκέκλειστο
732 1238 793 1318 μὲν
809 1229 848 1300 cd
862 1234 952 1317 μάλα
965 1216 1164 1321 βεβαιότατα,

29 1335 111 1412 οοός
125 1331 165 1420 δη
182 1337 343 1416 πολεμίων
367 1332 541 1420 παρόντων,
559 1332 616 1400 καί
637 1328 677 1399 τοὶ
700 1339 832 1422 κλεῖθρα
848 1330 912 1399 eiad
928 1338 991 1401 τεόν
1015 1337 1197 1422 palisiol)

68 1435 250 1518 κατείχετο,
280 1433 301 1518 ἦ
326 1435 363 1498 δὲ
388 1427 499 1510 αὐτοῖς
520 1437 650 1515 μοχλοῖς
672 1435 781 1498 τεκαὶ
801 1434 1019 1520 βαλανάγραις
1042 1436 1166 1507 ἐκτινα..

69 1514 237 1617 χθτῑσαέές
253 1527 313 1616 τὴν
335 1530 427 1616 ἦῖονα
439 1529 560 1607 καὶτὰς
575 1529 730 1605 σπιλάδας
745 1527 903 1616 ἐρήριπτο,
920 1527 986 1613 ἅμα
994 1557 1028 1598 τε
1038 1527 1166 1599 ἅπαντα

72 1631 109 1696 τοὶ
124 1630 354 1715 ξυμπεπηγότα
378 1628 427 1695 ἔτι
447 1628 609 1711 ἐκλόζετο,
638 1632 779 1712 σταθμοί
800 1631 855 1694 καί
868 1638 973 1714 γεῖσον
996 1631 1052 1696 καί
1068 1631 1166 1719 ἐπερτ.

71 1729 184 1817 θόριον
212 1727 270 1794 καί
297 1728 328 1794 σῖ
360 1731 474 1816 θαιροί
500 1731 544 1817 τῷ
570 1729 656 1817 stipi
672 1756 673 1761 ¹
690 1729 928 1815 ἐνηρμοσμένον
973 1727 1096 1796 τούτων
1127 1731 1165 1798 δδ

2 1856 31 1898 1
43 1831 284 1916 5γτγενημένων
298 1877 309 1909 ,
329 1825 594 1910 τοῖςῬοιμαίοις
607 1827 724 1918 ῥηιδίως
740 1823 887 1894 τολοιπόν
906 1832 1062 1917 εἰσιτητέα
1083 1825 1165 1896 εἶναι

75 1927 169 1994 ἐδόκει
189 1924 252 1993 α’νά
268 1925 304 1992 τό
319 1924 475 2010 πόλισμα,
496 1929 553 1991 καί
567 1927 738 2014 περιοπτέον
752 1928 823 1992 τῶν
831 1930 998 2012 πολεμίων,
1017 1930 1166 2017 ἡμάρτα-

74 2051 124 2093 νον
142 2031 178 2094 δὲ
193 2026 251 2092 καί
261 2023 306 2105 cic
319 2031 373 2112 τῆς
387 2027 524 2102 ἐλπίδος.
553 2026 706 2113 σήραγγές
721 2051 756 2092 τε
775 2027 835 2114 γάρ
853 2052 936 2104 τινες
951 2031 1006 2094 καί
1019 2025 1166 2118 sinopici..

54 2151 122 2211 .γες
140 2129 197 2192 τοῦ
216 2141 250 2191 τε
273 2123 375 2212 λόφου
394 2122 455 2191 ναί
475 2127 538 2215 τῶν
557 2123 687 2193 ἔνδοθεν
709 2126 990 2214 περιαυλισμότων
1015 2127 1070 2207 ἐπὶ
1082 2131 1166 2212 μέγα

77 2223 308 2317 ἐκτεινόμεναγ,
332 2227 514 2312 κρημνῶδες
533 2226 675 2315 ἐτεχνῶς
694 2229 751 2291 καί
772 2217 965 2310 δυσέμβολον
988 2227 1049 2309 οόχ
1069 2221 1191 2312 ἧσσονΡ
1206 2223 1244 2281 22
1283 2288 1287 2303 ·.

54 2323 301 2394 ,ἐπεδείκνυσαν
323 2322 357 2389 τὸ
379 2324 509 2413 χωρίον.
544 2328 600 2392 καί
617 2329 750 2413 Ναρσῆς
766 2329 826 2408 μὲν
844 2325 1104 2413 θαρσαλεώτερον
1122 2329 1167 2414 τῷ

1202 1416 1207 1447 l

142 2497 167 2532 2.
186 2471 339 2532 Posterior
356 2481 440 2544 Intpr.
459 2478 558 2550 legisse
572 2479 683 2533 videtur
701 2487 762 2537 τοῖς
780 2480 891 2543 idiote:
910 2480 1027 2534 collecta
1045 2481 1167 2535 materia

144 2566 180 2603 σε
198 2551 287 2620 tignis
304 2548 457 2622 supposita.
546 2551 595 2602 Pro
613 2553 663 2602 καὶ
680 2549 739 2638 εἶτα
753 2552 772 2603 f.
785 2569 835 2608 scr.
847 2551 983 2622 μάλιστα.
1027 2617 1033 2637 ,
1072 2555 1096 2636 3'.
1113 2549 1167 2623 ἀρ-

142 2622 296 2758 gftccrlp
312 2691 351 2758 τρῖ
376 2616 529 2759 όδδρέτέδέξ
545 2623 610 2745 Ιέόῦν
636 2620 859 2762 οέδιόόέρόέέέρςίῖι
873 2694 907 2763 τῇ
937 2619 1168 2761 ἐδρῖτέἐ.ῧᾰ1ίέέῐρέοῗ
1191 2750 1194 2754 ,

143 2762 259 2813 ἰσαίτατα
275 2760 410 2830 integrum
429 2761 528 2825 omisit.
603 2779 643 2832 ιγ.
660 2761 834 2835 ἀπορρῶγες
852 2765 892 2828 lt,
910 2759 1167 2835 dnodp‘aiyoervulg.
1221 2782 1223 2789 ⁴
1248 2777 1251 2788 ·

144 2849 186 2915 ¹¹19.
204 2830 409 2902 inscripserat
428 2832 475 2897 n,
495 2831 681 2904 ἐκτεινόμενα
699 2835 771 2904 vulg.

81 2987 237 3048 tentaretur,
265 2992 337 3038 tum·
351 2992 425 3039 strue
448 2985 578 3039 soliorum
594 2985 732 3038 aridorum
754 2993 783 3038 et
799 2980 933 3055 quicquid
951 2982 1063 3034 alterius
1079 2983 1167 3034 siccae

82 3071 201 3126 quaeque
223 3055 304 3109 facile
328 3056 440 3109 accendi
461 3066 555 3127 posset
577 3059 708 3109 materiae
733 3056 768 3108 ad
785 3071 895 3107 manum
913 3061 979 3114 erat,
998 3054 1080 3122 tignis
1099 3053 1166 3105 sub-

79 3125 163 3188 iecta,
189 3127 307 3196 igneque
325 3130 463 3192 immisso2
485 3129 616 3197 spelunca
635 3134 816 3181 excesserunt
842 3124 883 3177 Ne
904 3179 905 3183 ,
924 3142 939 3176 c
960 3125 1047 3176 multo
1069 3133 1132 3193 post
1151 3140 1168 3174 a

77 3195 179 3247 flamma
194 3197 320 3262 excitata,
338 3199 520 3250 sustentacula
537 3199 585 3250 illa
598 3199 690 3250 statim
706 3206 816 3268 perusta
831 3142 1038 3266 conddgrarunt
1059 3195 1168 3265 ponde·
1190 3244 1191 3250 ,

78 3267 154 3339 rique
181 3276 335 3336 cesserunt;
359 3270 557 3341 propugnaculi
581 3286 645 3323 vero
671 3267 808 3339 quidquid
832 3267 950 3320 sublime
970 3283 1000 3318 ac
1017 3267 1169 3335 pendulum

79 3338 159 3408 tignis
178 3339 236 3395 illis
254 3349 435 3392 sustentatum
454 3339 561 3405 fuerat,
588 3357 622 3393 eo
645 3356 760 3393 vacuum
779 3338 906 3393 subsedit
925 3346 953 3390 et
972 3339 1089 3403 corruit;
1107 3345 1168 3388 tur-

78 3425 118 3460 res
136 3426 201 3462 vero
210 3409 371 3481 minoraque
384 3413 599 3481 propugnacula,
618 3429 688 3482 quae
706 3410 811 3463 ibidem
823 3419 910 3472 erant,
923 3416 1035 3477 repente
1054 3408 1087 3459 ab
1106 3407 1170 3462 aliis

80 3481 202 3545 avulsae,
227 3481 258 3533 in
277 3498 408 3552 praeceps
433 3482 568 3549 ruebant;
593 3492 674 3552 porta
699 3482 807 3553 ipsein
831 3478 882 3532 hac
902 3482 1012 3549 regione
1032 3493 1171 3529 murorum

81 3549 144 3614 sits,
162 3549 352 3618 validissime,
372 3560 469 3623 utpote
483 3555 674 3622 praesentibus
691 3552 832 3616 hostibus,
851 3552 942 3604 clausa
963 3548 1122 3610 tenebatur,
1142 3553 1172 3598 et

81 3620 163 3673 claves
185 3638 202 3673 a
221 3622 380 3675 custodibus
396 3623 616 3692 asservabantur3
634 3631 693 3677 tota
706 3641 769 3677 vero
791 3624 844 3675 ista
857 3641 912 3675 una
928 3637 990 3672 cum
1006 3620 1061 3670 suis
1082 3617 1171 3668 vecti-

79 3688 125 3743 bus
144 3700 174 3745 et
188 3694 326 3764 repagulis
341 3711 450 3746 excussa
465 3697 495 3747 in
508 3696 586 3747 littus
604 3703 710 3763 etsaxa
727 3693 863 3746 maritima
874 3701 915 3745 est
927 3691 1055 3757 collapsa,
1074 3688 1171 3751 simul-

4 3759 8 3772 ‘
79 3777 128 3831 que
146 3765 240 3816 omnia
253 3781 328 3845 quae
345 3766 389 3833 illi
405 3765 590 3818 adhaerebant
609 3766 722 3835 abrepta
743 3774 823 3828 sunt,
842 3768 1052 3832 antepagmenta
1070 3758 1171 3836 videli-

78 3841 118 3884 cet
146 3841 177 3887 et
202 3834 412 3904 superliminare
442 3843 470 3887 et
494 3836 618 3891 cardines
642 3838 782 3894 liminares
806 3837 833 3887 ei
852 3832 977 3902 coaptati.
1022 3829 1071 3882 llis
1089 3844 1172 3900 pera-

1 3970 2 3975 *
77 3905 139 3970 ctis,
159 3906 250 3958 facilis
269 3905 398 3978 deinceps
413 3906 539 3959 Romanis
555 3905 588 3973 in
600 3906 732 3977 oppidum
742 3907 879 3976 ingressus
900 3901 1056 3976 videbatur,
1078 3909 1106 3953 et
1119 3898 1173 3951 ho-

76 3977 123 4029 stis
144 3975 373 4030 contemnendos.
411 3976 466 4030 Sed
486 3986 514 4030 et
528 3975 575 4031 hic
589 3995 637 4048 spe
659 3995 707 4028 sua
727 3985 791 4030 sunt
808 3973 938 4028 frustrati.
975 3972 1072 4022 Hiatus
1099 3971 1174 4024 enim

77 4049 188 4117 quidam
203 4057 234 4101 et
246 4046 364 4118 abrupta
379 4049 500 4100 locorum
512 4054 566 4099 tarn
577 4049 607 4099 in
618 4049 678 4119 ipso
689 4049 759 4100 colle
771 4062 852 4117 quam
874 4045 905 4096 in
919 4043 1026 4102 ambitu
1042 4042 1174 4092 interiore

77 4116 105 4170 ia
120 4120 235 4192 longum
248 4123 394 4188 protensa,
414 4119 527 4171 arduum
542 4135 635 4172 vrevera
650 4117 795 4190 nihiloque
813 4115 903 4167 minus
924 4130 1006 4186 quam
1029 4118 1110 4162 antea
1126 4123 1173 4189 ac·

76 4204 157 4249 censu
176 4189 299 4245 difficile
316 4187 448 4263 oppidum
468 4189 627 4243 reddebant.
654 4183 763 4259 ‘Narses
781 4189 880 4239 iterato
897 4185 1007 4236 summis
1024 4180 1127 4235 viribus
1143 4193 1174 4228 lu
