2730 4816
419 255 700 326 ursromsnun
731 261 756 325 1.
776 249 827 335 ον.
1095 235 1150 319 61

90 414 275 498 στρέψαντος
287 410 325 478 rui
339 411 431 495 νῶτα,
449 416 482 490 ές
500 413 539 482 sci
551 412 652 482 ἀπ’σω
676 414 852 502 ἀναχωρεῖν
870 413 1096 505 προτροπάδην,
1114 407 1238 498 ῶςλζῦ.
1249 416 1301 484 iti

0 557 15 583 4
84 509 119 597 δη
133 509 277 588 δεδιότας
293 514 347 578 καί
358 512 537 601 φεύγοντας,
557 516 818 580 καίέκκαλεῖσθωι
829 511 904 601 roric
919 514 1101 603 βαρβάρους
1117 500 1259 593 ώςῙ·Ῑ·“6

1 653 2 688 ;
85 609 231 677 ἀπωτάτω
246 614 304 697 τῆς
316 611 414 699 νάπης
435 610 495 680 ἀνά
508 612 550 679 rol
562 611 834 697 ustisotnstrbv.
843 615 929 702 αὐτῷ
942 612 1000 702 γάρ
1010 612 1049 681 ui
1066 615 1161 681 λοιπά

1 745 3 807 η
84 707 138 798 ἔφη
149 702 311 798 μελήσειν.
325 718 379 779 καί
394 710 490 796 οἱμὲν
503 710 583 779 κατά
596 716 693 778 rainu
709 714 848 795 ἐποίουν,
865 719 919 795 xpri
934 713 1071 801 ἔφευγον.
1084 714 1113 780 οἱ
1127 718 1163 780 δὲ
1221 701 1222 704 ¹

65 807 223 896 ἀθράγγοι
234 811 272 899 τῇ
285 814 369 900 φυγῇ
380 812 612 898 ἐξηπατημένοι,
631 814 686 877 καί
694 813 811 897 ἀληθὲς
822 811 856 879 ro*
868 815 938 889 δέος
951 808 1031 880 εἶναι
1048 815 1161 880 ἀποτο-
1193 878 1200 897 ι

1 918 2 921 ’
83 908 242 995 πήσαντες,
260 910 372 976 αὐτίκα
388 911 564 999 θαρραλέοι
576 911 631 998 τήν
647 916 681 978 rs
700 909 844 1000 φάλαγγα
862 915 1018 995 διέλυσαν,
1037 916 1183 999 καδτῆςΒ

82 1003 156 1103 ἀλης
164 1008 362 1092 ὖπεκβάντες,
375 1013 408 1086 ἒς
422 1008 477 1096 την
490 1011 595 1089 δίωξιν
605 1013 774 1098 ἠπείγοντο.
787 1013 842 1076 καί
854 1013 971 1098 πρῶτοι
988 1015 1046 1094 μὲν
1059 1014 1164 1091 ἔξὲθε.

1 1194 2 1204 ¹
84 1129 113 1172 ον
122 1108 152 1173 οἱ
161 1105 305 1176 ἱππόται·
317 1104 439 1175 εἵποντο
455 1111 492 1176 δὲ
506 1114 562 1177 κατ’
574 1115 636 1178 τῶν
644 1115 748 1192 πεζῶν
762 1109 873 1178 ὁπόσοι
889 1112 1099 1194 ἀλκιμώτατοι
1109 1115 1164 1177 καὶ

1 1242 2 1252 ¹
83 1205 246 1284 ποδώκεις·
264 1210 320 1273 κατ’
344 1203 480 1287 ἀπαντες
502 1212 643 1300 ἀφειδῶς
670 1215 833 1295 ἐνέκειντο,
858 1212 901 1287 ῶς
916 1210 1011 1277 αὐτὸν
1036 1207 1073 1296 δή
1101 1220 1162 1276 που

58 1303 127 1371 roris
144 1308 282 1393 Ναροῆν
302 1307 416 1374 ndstra
432 1306 518 1394 μάλα
533 1310 768 1397 ζωγρήσαντες,
790 1313 845 1376 καί
858 1311 941 1399 πόνφ
969 1308 1024 1390 ’ξον
1048 1316 1169 1396 βραχεῖ’

2 1456 6 1459 -
83 1408 175 1491 πέρας
190 1404 520 1496 εάκτονάπιθήσοντες
535 1405 651 1476 ἅπαντι
670 1413 714 1500 τῷ
736 1413 871 1498 πολέμῳ.
913 1412 968 1474 καί
980 1409 1010 1474 οἱ
1027 1412 1087 1492 μὲν
1112 1409 1164 1474 ιά-

84 1505 209 1587 κοσμίας
233 1502 357 1593 ἀπάσης
373 1509 626 1594 ἐπιλελησμένοι,
645 1505 748 1594 χάδην
769 1509 874 1574 τεκαὶ
893 1507 1061 1594 ἀφύλακτα
1084 1506 1165 1591 ἀχώ.

83 1625 169 1688 ρουν,
191 1602 357 1690 γεγηθότες
372 1605 429 1672 καί
445 1602 658 1691 εὐωχούμενοι
673 1610 729 1692 τῆς
745 1609 878 1683 ε’λπίδος.
922 1604 952 1670 oi
970 1608 1005 1670 δὲ
1023 1607 1163 1688 Ῥωμαί-

77 1726 109 1764 οι
129 1699 190 1768 ἀνά
216 1700 258 1768 rui
284 1703 393 1792 πρόσω
412 1708 561 1794 ἐφέροντο
585 1706 770 1794 ἀφειμένοις
786 1714 855 1782 τοῖς
874 1708 990 1788 ἵπποις,
1018 1705 1115 1792 φαίης
1128 1706 1166 1769 τὲ

58 1795 118 1869 dlv
134 1800 254 1881 αάτυάς
266 1802 346 1894 έργφ
360 1811 532 1894 τρέσαντας
544 1807 705 1890 ἀλεείνων,
726 1803 806 1872 οὕτω
824 1805 864 1892 δή
887 1831 919 1872 τι
934 1802 1085 1890 ἐγγύτατα
1109 1807 1191 1870 roric

86 1899 216 1987 ἀληθοῦς
239 1901 274 1968 το
291 1907 427 1971 δεδιέναι
449 1907 658 1994 ἀπεκρίναντο.
679 1907 749 1972 ἐπεὶ
766 1909 802 1971 δὲ
830 1906 861 1971 οἱ
880 1902 1037 1994 βάρβαροι
1052 1907 1087 1972 έν
1103 1929 1160 1989 γυ-

83 2000 145 2088 μνῷ
171 1993 233 2088 ἤδη
266 2005 311 2092 τῷ
336 2007 431 2103 πεδάμ
460 2005 695 2090 έσκεδάννυντο,
723 2009 779 2093 τῆς
801 1999 877 2091 ἀλης
902 2005 946 2082 ῶς
972 2000 1168 2092 παρ’ῥωτάτω

84 2090 350 2187 ἀποσπασθέντες,
367 2101 433 2170 πέντε
452 2102 497 2192 δὴἸ
511 2101 647 2193 ἀθρόον,
672 2106 729 2170 rod
753 2106 930 2194 στρατηγοῦ
954 2104 1167 2192 σημήναντος,

50 2267 53 2274 ,
84 2202 319 2288 ἐπιστρέψαντες
335 2203 364 2269 οἱ
377 2205 529 2288 Ῥωμαῖοι
549 2201 621 2282 roric,
641 2207 763 2287 ἵππους,
780 2203 835 2270 καί
852 2209 886 2284 ἐς
912 2199 1060 2272 τάναντία
1082 2206 1169 2292 σφᾶς

57 2297 199 2381 nouisque
231 2301 436 2388 ἐξελίξαντες,
470 2305 658 2391 ἀπηντίοιζον
695 2313 758 2382 τοῖς
796 2300 963 2371 διώλουσιν
997 2299 1169 2388 ἀντιμέτω-

83 2399 228 2486 ποι,καί
252 2399 393 2483 ἅπαντας
414 2405 456 2496 τῷ
480 2399 701 2495 ἀπροσδοκήτῳ
728 2406 1038 2491 καταπεπληγμένους
1059 2392 1167 2470 ἔπαιον

86 2503 219 2591 ἀφειδῶς
235 2503 291 2569 καί
302 2499 483 2589 ἀνεώθουν,
506 2505 561 2571 καί
572 2509 605 2582 ἐς
621 2502 771 2584 παλιλυξιν
785 2503 827 2570 τὰ
839 2507 893 2590 τῆς
910 2507 1012 2591 φυγῆς
1023 2499 1175 2588 μετεχώε-

147 2617 174 2686 4.
194 2615 319 2686 ἔφευγον
330 2616 375 2679 a,
392 2614 503 2686 ἔφυγον
516 2615 587 2686 vulg.
666 2633 691 2685 9.
711 2616 760 2668 Pro
776 2614 905 2686 ἀφειδῶς
922 2616 951 2665 R.
971 2632 1023 2684 mg.
1042 2611 1165 2684 ἀφόβως.

152 2704 194 2764 ιφ.
211 2684 406 2760 ζωγρήσαντες
421 2689 451 2740 Β.
566 2685 604 2755 14.
631 2685 796 2757 ἐφέροντο,
808 2687 891 2755 lntpr.
915 2684 992 2738 addit
1008 2687 1165 2739 Ariminum
1183 2738 1184 2743 ,

148 2775 258 2814 versus.
325 2759 365 2812 15.
383 2753 457 2811 οὕτω
473 2754 507 2824 δή
517 2760 590 2822 rull,
605 2754 678 2809 οὕτω
694 2753 727 2823 δέ
740 2757 809 2828 vulg.

86 2844 160 2911 ferri,
175 2844 267 2915 'veluti
287 2844 386 2898 timore
408 2847 545 2915 perculsos
564 2846 711 2926 fugamque
736 2851 923 2912 capessentes:
950 2848 983 2894 ut
1004 2843 1109 2894 scilicet
1133 2857 1165 2894 ea

87 2919 185 2969 ratione
201 2916 313 2969 barbari
325 2932 407 2987 quam
422 2918 604 2969 remotissime
622 2933 636 2967 e
652 2915 718 2965 silva
735 2915 763 2967 in
781 2922 905 2982 apertum
921 2927 1045 2979 campum
1065 2928 1164 2964 evoca-

88 2996 188 3039 rentur:
209 2986 318 3057 reliqua
337 2989 411 3038 enim
423 2988 478 3039 sibi
488 2985 735 3038 ‘currerem->dixis
766 2984 856 3056 rltqui
869 2984 899 3034 hi
913 2981 1024 3054 quidem
1041 2990 1072 3032 ut
1084 2999 1165 3033 man-

88 3056 175 3109 datum
192 3057 232 3110 eis
252 3065 328 3120 erat,
345 3058 435 3128 fugam
452 3059 640 3125 arripuerunt3
655 3055 756 3106 Franci
775 3070 839 3106 vero
861 3053 924 3123 fuga
944 3051 1052 3120 decepti
1075 3060 1103 3104 et
1116 3070 1165 3106 ve-

87 3144 139 3179 rum
154 3125 283 3180 timorem
299 3144 357 3180 esse
373 3129 441 3192 rati,
460 3128 604 3181 confestim
619 3127 717 3177 animis
732 3125 905 3197 pleniaciem
926 3123 1050 3189 solvunt,
1082 3125 1165 3176 silva·
1251 3150 1253 3154 .

86 3217 133 3268 que
146 3198 257 3270 egressi,
278 3199 413 3268 fugientes
429 3198 734 3268 acriterinsequunturq
755 3213 786 3247 ac
801 3196 883 3264 primi
897 3192 1008 3266 quidem
1025 3195 1167 3249 evolarunt

86 3270 204 3341 equites,
232 3270 418 3340 sequebantur
443 3286 507 3323 vero
529 3285 564 3321 er
587 3267 726 3336 peditibus
750 3274 887 3338 quotquot
900 3265 999 3318 robore
1022 3274 1051 3317 et
1064 3267 1165 3335 pedum

85 3341 222 3393 celeritate
237 3341 355 3392 maxime
369 3339 512 3408 valebant;
536 3334 684 3410 omnesque
703 3338 834 3389 acerrime
854 3352 911 3389 rem
933 3337 1081 3407 urgebant,
1104 3345 1166 3389 tan-

85 3427 161 3481 quam
183 3411 326 3463 Narsetem
347 3413 437 3481 ipsum
459 3411 570 3462 iamiam
591 3411 683 3463 vivum
698 3411 819 3476 capturi,
844 3416 873 3460 et
888 3407 966 3460 nullo
981 3409 1038 3461 fere
1053 3409 1164 3477 negotio

85 3488 205 3548 optatum
217 3482 300 3536 finem
315 3484 367 3533 toti
383 3482 458 3535 bello
475 3481 637 3550 imposituri.
673 3477 763 3550 Atque
778 3477 809 3530 bi
824 3478 937 3551 quidem
960 3478 1063 3531 ordinis
1079 3478 1171 3530 onmis

86 3551 162 3604 obliti
177 3555 298 3620 sparsim
310 3550 436 3623 nihilque
452 3553 505 3605 sibi
521 3560 644 3604 caventes
667 3549 877 3617 procurrebant,
903 3545 1050 3619 gaudentes
1080 3550 1168 3600 bonn÷

87 3637 135 3742 que
150 3638 199 3690 spe
212 3640 272 3676 sese
287 3623 464 3676 oblectantes.
502 3625 617 3675 Romani
635 3637 700 3673 vero
724 3622 813 3672 effusis
836 3618 952 3672 habenis
976 3620 1011 3671 nd
1032 3621 1187 3670 anteriora⁸

98 3693 256 3746 erebantur:
275 3691 379 3746 diceres
401 3702 473 3746 certe
490 3711 536 3746 eos
552 3711 581 3744 re
600 3695 658 3761 ipsa
676 3692 854 3744 formidantes
870 3690 974 3760 fugere,
993 3691 1061 3741 adeo
1075 3684 1176 3756 proxi-¹

87 3777 125 3816 me
139 3779 205 3817 vero
219 3779 345 3832 pavorem
361 3762 540 3816 simulabant.
576 3764 756 3832 Posteaquam
778 3777 841 3812 vero
857 3761 967 3812 barbari
983 3762 1099 3826 iamper
1113 3778 1168 3810 nu-

88 3831 148 3886 dum
170 3851 296 3902 campum
318 3835 434 3903 dispersi
457 3851 539 3906 quam
562 3833 720 3902 longissime
743 3832 841 3882 asilra
863 3837 954 3882 essent
974 3830 1076 3895 avulsi3
1108 3838 1168 3881 tum

87 3915 146 3957 vero
165 3906 311 3958 confestim
334 3907 410 3974 signo
430 3916 479 3973 per
494 3905 635 3956 Narsetem
654 3903 734 3964 dato,
761 3901 876 3952 Romani
892 3901 1025 3953 conversis
1044 3901 1122 3971 equis
1138 3902 1169 3950 in

88 3974 209 4029 adversos
221 3992 280 4028 sese
296 3976 481 4044 explicantes,
498 3971 727 4046 persequentibus
749 3970 780 4023 in
799 3971 916 4022 frontem
932 3978 1123 4034 occurrerunt,
1141 3976 1170 4021 et

92 4045 118 4097 lu
131 4047 273 4099 universos
294 4047 438 4115 inopinato
461 4046 501 4098 rei
519 4045 658 4114 perculsos
678 4041 778 4093 caesim
801 4040 980 4112 punctimque
1004 4041 1170 4102 saeviebant,
1263 4053 1265 4058 ·

90 4121 167 4187 atque
183 4117 222 4169 ita
241 4115 304 4187 fuga
319 4117 385 4186 ipsis
410 4117 440 4168 in
460 4116 679 4184 persecutionem
692 4112 752 4163 vice
766 4125 843 4162 versa
864 4111 952 4164 cessit
987 4111 1101 4182 Equites
1115 4110 1170 4159 ita-

92 4200 141 4253 que
152 4185 329 4244 barbarorum
344 4186 576 4259 assignarique
591 4187 621 4239 in
636 4180 759 4257 periculo
778 4188 958 4249 versarentur,
978 4198 1059 4254 quam
1083 4179 1169 4233 celer-

699 4433 713 4466 l
734 4474 737 4480 τ
