2730 4816
224 261 279 366 84
565 342 567 346 ,
646 278 856 348 Auernus
936 256 938 259 ’

96 454 290 516 totitem
309 438 540 524 ἐξηπατημένοι.
575 437 605 501 oi
629 437 664 500 δὲ
684 431 771 523 όμφί
790 432 943 499 Σίνδοναλ
964 418 1022 492 otu
1044 428 1189 507 ἀνίεσαν,
1225 417 1298 488 ἀλλ’

129 528 216 595 ¹·1·²7
228 540 392 620 ἐνέκειντο,
412 539 470 613 iore
482 534 557 611 τούς
570 536 628 617 μέν
643 532 882 619 κατεστόρεσαν,
903 527 932 593 oi
951 530 986 594 δέ
1005 528 1039 602 ἐς
1055 525 1112 602 τάς
1126 527 1183 591 τού
1200 546 1299 588 ποτα-

223 641 287 721 μοῦ
304 635 445 714 ἐξέπεσον
459 637 555 710 δίνας.
577 629 659 697 οὕτω
672 642 707 698 τε
720 635 784 698 τῶν
810 627 965 717 Ἔρούλιον
985 628 1026 718 τῷ
1045 626 1184 713 σφετέρῳ
1200 623 1299 711 χάρτην

193 733 494 820 Βέγκαταστόνταν,
522 724 609 797 τότε
629 733 751 814 κέναιμα
771 733 950 817 ἐπληροῦτο,
970 726 1026 792 καί
1041 726 1061 812 ἦ
1079 723 1203 811 φάλαγξ
1222 745 1301 786 σνν-

222 834 401 916 ἐκέκλειστο,
421 832 476 896 καί
491 829 634 895 τολοιτιόν
650 831 680 895 oi
695 829 845 915 Φράγγοι,
859 825 998 913 καθάπερ
1017 829 1061 902 εἷς
1076 817 1173 909 άρκος
1194 827 1316 901 ξύνει-5

219 934 388 1019 λημμένοι,
410 929 577 997 ἐκτείνοντο
597 928 760 994 πάντοθεν.
786 924 808 1013 η’
829 953 861 993 τε
875 927 936 1013 γάρ
956 924 1041 1002 τάξις
1060 917 1167 997 αύτοῖς
1187 917 1302 984 τελειό-

226 1059 307 1096 τατα
330 1029 504 1112 διελέλυτο,
531 1027 585 1093 καί
599 1029 700 1113 χύδην
716 1031 769 1093 ἐπί
790 1029 876 1113 σφάς
893 1024 1108 1105 ύπελίττοντο,
1129 1016 1187 1085 οόκ
1211 1017 1304 1102 ἔχονὲ

227 1156 278 1207 τες
295 1127 331 1212 ό,
351 1154 384 1194 τι
405 1120 461 1193 κάί
482 1131 627 1215 γένοιντο.
660 1127 690 1193 οἱ
709 1128 744 1191 δὲ
760 1127 916 1209 Ῥωμαῖοι
935 1119 972 1188 ού
992 1123 1090 1206 μόνον
1114 1127 1181 1196 τοῖς
1201 1118 1323 1198 τόξοτςι

226 1224 340 1306 αύτούς
354 1230 531 1314 διεχρῶντο,
553 1223 633 1291 άλλά
649 1225 684 1293 τό
704 1250 737 1292 τε
756 1221 916 1290 ὁπλιτικόν
932 1226 987 1288 καί
1002 1220 1031 1287 oi
1047 1217 1139 1306 ψιλοί
1155 1199 1303 1306 ἔσβεσαν,

230 1324 364 1413 δοράτιάἸ
376 1352 409 1393 τε
427 1322 632 1405 ἀκοντίζοντες
648 1323 703 1390 καί
722 1332 788 1401 τοῖς
802 1323 919 1400 κόντοις
935 1321 1153 1403 διωθούμενοι,
1167 1319 1223 1383 καί
1236 1325 1342 1391 entem

229 1429 409 1513 μαχαίραιςΙ
422 1427 678 1506 κατατέμνοντες,
699 1426 733 1490 oi
746 1449 780 1489 τε
795 1419 1140 1510 ἱππεῖςύπερκεράσεις
1155 1420 1306 1499 nomine*

231 1550 279 1590 νοι
291 1525 477 1606 ύπεδέχοντο
503 1521 621 1600 αύτούς
636 1522 710 1588 εἴσω
726 1522 780 1588 καί
797 1521 1025 1606 ἀπελάμβανον.
1055 1525 1085 1587 εἰ
1105 1521 1181 1584 δέτι
1198 1517 1307 1581 αύτάν

154 1641 180 1703 P·
189 1634 223 1697 ib
231 1626 286 1688 καί
301 1622 429 1710 διέφαγε
448 1619 487 1687 τά
505 1622 590 1708 ξίφη,
611 1620 639 1686 oi
656 1624 690 1688 δὲ
701 1625 737 1710 τῇ
748 1621 851 1700 διώξει
870 1623 1081 1706 ἐκβιαζόμενοι
1100 1623 1133 1696 ἐς
1145 1615 1199 1682 τὸν
1211 1640 1308 1680 ποτα-

161 1732 163 1737 ’
224 1719 286 1803 μόν
304 1723 525 1806 κατεφέροντο,
546 1721 602 1785 καί
613 1721 802 1807 ὑποβρύχιοι
815 1723 990 1805 γιγνόμενοι
1004 1719 1163 1805 ἔθνησκον·
1185 1713 1306 1801 οἷμοηιηΙ

141 1856 146 1869 ι
225 1845 260 1885 τε
279 1815 407 1906 η’κούετο
421 1809 606 1902 ἁπανταχοῦ
616 1822 678 1884 τῶν
692 1820 863 1907 βαρβάρων
884 1820 1068 1906 οἰκτρότατα
1084 1804 1343 1898 bottontinum&

226 1915 323 1994 αύτός
337 1943 371 1984 τε
390 1914 429 2003 δι’]
448 1909 504 1983 οὖν
519 1923 702 1994 Βοντιλῖνος
719 1917 734 1983 ὃ
754 1917 924 2007 στρατηγός
944 1922 1000 1984 καί
1011 1913 1084 2007 ὅλον
1099 1916 1132 1983 τό
1152 1904 1307 2001 στράτευ-

224 2006 272 2110 μα
294 2020 493 2108 πανωλεθρίᾳ
513 2015 665 2104 ἠφάνιστο
672 2062 692 2100 ,κ
714 2020 748 2082 ἐν
770 2027 835 2095 τοῖς
857 2018 913 2083 καί
933 2016 964 2083 oi
984 2019 1046 2092 euin
1062 2012 1223 2102 Ἔρούλων
1246 2013 1308 2101 πρό

227 2123 320 2203 τῆσδε
336 2121 390 2203 τῆς
407 2121 582 2202 ξυμπλοκῆς
597 2112 797 2198 μεταβάντες,
820 2116 874 2181 καί
888 2111 991 2193 ούδείς
1003 2112 1087 2194 ὅστις
1101 2105 1162 2181 τάν
1177 2117 1211 2179 Γ
1208 2137 1307 2199 enun-

227 2221 293 2283 votv-
304 2215 383 2294 ἐςτά
401 2214 519 2303 πάτρια
532 2213 694 2302 ἐνόστησεν
710 2209 784 2303 ἤθη,
798 2211 848 2282 ότι
858 2215 903 2301 μη
920 2221 1009 2282 πέντε
1025 2209 1134 2306 άνδρες
1147 2210 1306 2303 ότφδηούν
1335 2297 1337 2300 .

226 2319 329 2405 τρόπῳ
347 2310 591 2401 διαδέδρακότες.
610 2319 676 2393 πῶς
696 2318 731 2382 δὲ
744 2314 805 2381 'orie
827 2310 933 2402 άνέἴη
952 2317 1115 2407 ἀρίδηλον,
1138 2311 1181 2388 αἱς
1193 2303 1343 2387 norontem

184 2449 185 2452 ¹
227 2416 367 2499 ύπὲοχον
388 2416 451 2479 τῶν
472 2412 689 2499 άδικημάτοον,
711 2417 766 2480 καί
779 2412 936 2501 ύπερτέρα
956 2416 1004 2490 τις
1020 2409 1135 2490 αύτούς
1147 2412 1306 2499 μετῆλθεν

228 2513 363 2600 ἀνάγκη,
384 2514 470 2594 όμὲν
487 2510 546 2599 γάρ
559 2519 673 2600 μυρίος
686 2516 800 2590 ἐκεῖνος
818 2511 926 2596 όμιλος
940 2515 1002 2579 τάν
1022 2510 1176 2599 Φράηηων
1191 2503 1227 2584 τε
1249 2511 1304 2574 καί

222 2610 429 2706 Ἆλαμανῶν,
458 2611 514 2688 καί
532 2616 594 2678 τάν
620 2607 689 2679 iinon
713 2612 752 2698 δη
778 2608 887 2690 αύτοϊς
906 2611 1004 2696 τυχόν
1022 2613 1123 2696 ἕτερον
1140 2607 1197 2674 τόν
1215 2609 1308 2672 πόλε·

302 2751 323 2784 r.
344 2731 650 2786 ἀνίεσαν-ἐνέκειντο
667 2735 695 2784 R.
713 2732 786 2804 (CL),
811 2736 894 2803 Iutpr.
909 2731 1160 2787 intermittendo-
1175 2730 1303 2790 institit,

296 2802 421 2875 ἅκβεσαν
433 2831 470 2847 —-·
484 2804 593 2856 ἔκειντο
610 2805 695 2872 vulg„
728 2803 812 2874 bugd.
832 2822 883 2874 mg.
897 2806 935 2856 io.
954 2805 1102 2857 ἐνέκειντο.
1199 2801 1238 2866 ¹4·
1259 2800 1308 2849 καὶ

295 2873 470 2942 τλποβρόχιοι
483 2903 519 2917 -·-
533 2871 651 2940 ηἰιοόετο
666 2873 725 2925 add.
745 2892 778 2927 ex
803 2878 831 2926 R.
849 2886 876 2926 et
893 2876 977 2941 Intpr.
996 2886 1022 2926 et
1038 2871 1195 2944 gurgitibus
1213 2869 1308 2919 hausti

295 2946 454 3005 interibant.
469 2945 542 3000 unde
561 2959 588 3000 et
601 2946 783 2999 barbarorum
800 2947 945 3002 contuens
960 2939 1305 3000 eiulatus—audiebatur.

297 3019 336 3068 18.
359 3017 462 3086 συμπλ.
482 3019 530 3068 Rs
598 3034 641 3074 ao.
660 3017 702 3082 εἴη
723 3033 776 3075 om,
794 3017 823 3072 R.
1303 3029 1306 3034 ·

224 3119 267 3171 'eis
283 3116 386 3187 absque
400 3120 456 3169 ulla
472 3121 673 3177 intermissione
687 3120 816 3184 instabat,
835 3119 923 3172 donec
940 3120 1007 3171 alios
1026 3115 1136 3189 quidem
1152 3111 1308 3183 prostravit,

227 3187 294 3236 alios
316 3188 426 3238 veroin
447 3192 610 3241 vorticosum
627 3191 726 3241 flumen
741 3189 849 3260 'adegit
885 3191 974 3259 Atque
993 3190 1031 3239 ita
1053 3186 1161 3240 Herulis
1181 3185 1308 3243 insnum

228 3255 319 3305 locum
336 3257 463 3324 receptis,
480 3262 600 3311 vacuitas
614 3261 662 3310 illa
678 3261 707 3310 iu
722 3261 812 3311 medio
829 3263 961 3320 exercitus
980 3258 1105 3327 supplete
1123 3264 1174 3318 est,
1194 3263 1224 3306 et
1236 3252 1309 3326 pha·
1336 3279 1338 3284 ·

229 3325 293 3375 lanx
304 3326 404 3377 clausa:
427 3327 579 3400 Francique
593 3330 720 3398 deinceps
734 3330 819 3381 veluti
835 3331 937 3383 retibus
949 3329 1076 3388 involuti,
1094 3326 1169 3378 omni
1183 3343 1216 3385 ex
1233 3331 1309 3394 parte

231 3393 422 3447 caedebantur.
458 3395 524 3446 Nam
540 3407 567 3450 et
587 3400 656 3457 ordo
674 3402 793 3468 ipsorum
808 3403 918 3467 penitus
938 3407 996 3450 erat
1014 3398 1176 3458 dissolutus,
1198 3403 1226 3446 et
1242 3412 1308 3446 con-

230 3465 290 3516 fuse
315 3467 387 3516 inter
414 3481 443 3516 ae
459 3466 688 3535 glomerabantur,
723 3468 790 3537 quid
810 3469 931 3533 facerent
951 3469 1044 3537 ignari.
1069 3466 1201 3528 ¹Romani
1218 3474 1310 3524 autem

230 3552 286 3587 non
301 3536 388 3586 solum
403 3536 506 3604 sagittis
522 3553 567 3588 eos
581 3538 795 3602 interficiebant,
813 3540 859 3590 sed
870 3550 898 3592 et
908 3537 1036 3609 gravioris
1054 3546 1081 3589 et
1094 3537 1203 3588 levioris
1219 3553 1310 3586 arma-

230 3615 308 3658 turae
324 3606 424 3657 milites
448 3606 548 3657 invecti
570 3606 661 3658 hastas
682 3609 710 3657 in
727 3613 772 3659 eos
786 3609 959 3679 torquebant,
979 3617 1007 3660 et
1020 3609 1106 3661 contis
1120 3605 1310 3675 profligabant,

232 3676 397 3746 ensibusque
417 3675 628 3745 obtruncabant3
663 3679 768 3747 equites
785 3680 866 3741 etiam
885 3679 1004 3730 diductis
1022 3679 1071 3728 alis
1091 3694 1137 3729 eos
1159 3677 1311 3728 circumve·

232 3745 348 3798 niebant
365 3755 392 3797 et
410 3746 626 3814 concludebant3
653 3751 675 3801 si
692 3749 815 3819 quivero
833 3766 926 3801 eorum
942 3765 1019 3800 enses
1031 3752 1186 3817 effugerant,
1200 3744 1234 3802 hi
1255 3745 1309 3813 ipsi

231 3815 424 3868 insectantium
449 3819 476 3869 vi
499 3819 630 3886 compulsi
645 3819 807 3888 praecipites
828 3820 858 3872 iu
879 3820 980 3870 flumen
994 3818 1167 3881 ferebantur,
1186 3815 1309 3867 barbaris

227 3887 332 3952 'passim
353 3888 501 3939 miserrime
521 3890 708 3955 pereuntibus.
754 3888 815 3958 Ipse
833 3890 925 3960 itaque
943 3888 998 3940 dux
1017 3889 1151 3941 Butilinus
1169 3904 1228 3937 cum
1245 3888 1309 3937 uni·

229 3969 305 4006 verso
327 3959 446 4024 exercitu
463 3958 498 4009 ad
517 3960 730 4010 internecionem
745 3960 841 4026 periit:
867 3960 939 4012 inter
959 3977 1026 4031 quos
1046 3961 1129 4012 etiam
1149 3957 1192 4008 illi
1213 3956 1310 4008 Heruli

232 4026 280 4092 qui
300 4034 363 4076 ante
381 4028 515 4093 proelium
526 4029 733 4098 transfugerant
752 4045 843 4100 neque
858 4031 1000 4100 quisquam
1015 4030 1182 4084 eGermenis
1196 4027 1230 4079 ad
1246 4043 1308 4077 suos

230 4101 273 4147 est
288 4111 418 4159 reversus,
436 4107 543 4166 praeter
560 4100 772 4170 quinqueviros,
786 4117 947 4171 quocunque
962 4101 1070 4152 tandem
1087 4098 1167 4151 modo
1182 4097 1225 4148 illi
1244 4114 1308 4149 eva-

231 4164 322 4224 serint.
367 4165 492 4235 Qnonam
512 4186 573 4221 vero
592 4177 669 4237 pacto
691 4187 746 4222 non
765 4171 801 4221 sit
816 4173 988 4239 perspicuum
1009 4187 1055 4222 eos
1076 4169 1225 4236 impietatis
1244 4182 1308 4228 suae

233 4251 334 4316 poenas
344 4235 435 4302 luisse,
456 4241 595 4309 superiore
606 4240 722 4313 quadam
737 4241 897 4302 necessitate
908 4243 976 4314 ipsis
990 4239 1183 4300 incumbente?
1199 4239 1310 4298 Infinita
