2730 4816
230 229 285 342 74
662 249 873 317 nonturno

83 407 118 484 λ.
129 427 158 480 C.
171 414 260 484 55λεί
278 415 336 478 καί
349 437 382 478 τι
399 411 603 497 διαφθαρείη.
624 404 778 491 θωράκιον
795 402 928 489 μὲνγὰρ
954 396 1179 486 καίκνημιδοον
1200 397 1308 483 dyest-

117 501 142 556 1.
156 501 179 557 ¹·
192 517 276 591 27τες
294 510 501 596 τυγχάνουσιν
522 501 606 584 dorse
616 557 625 588 ‚
652 503 710 582 τοὶς
729 506 765 570 δὲ
784 501 924 591 κεφαλάς
936 500 968 566 οἱ
984 504 1044 583 μὲν
1060 506 1198 587 πλεῖστοι
1210 497 1309 565 done·
1353 563 1355 567 ,

226 621 296 690 πεῖς
319 610 454 694 ἔχουσιν,
473 607 570 691 άλίγοι
581 606 616 668 δὲ
634 603 689 669 καὶ
702 606 800 691 κράνη
816 603 1023 685 άναδυάμενοι
1036 599 1213 683 μάχονται·
1242 622 1307 682 γυ-

225 709 300 796 μνοί
314 706 398 775 δὲτὰ
413 710 526 794 στέρνα
542 700 605 770 εἶσὶ
617 701 672 768 καί
686 701 726 768 τοὶ
736 704 817 768 νιῖιτα
832 705 930 792 μέχρι
945 702 1001 785 τῆς
1018 696 1146 786 ὄσφάος,
1166 700 1312 763 ἐνταῦθα

226 813 263 876 δὲ
282 808 487 894 ἀναξυρίδας,
518 801 547 870 οῖ
571 806 632 886 μὲν
657 805 763 886 λινᾶς,
783 800 813 868 οἱ
839 804 874 868 δὲ
900 802 955 865 καί
969 799 1117 873 σκυτίνας
1132 798 1332 876 desiccari-5

151 898 152 901 Ἴ
224 933 313 992 μενοι
324 916 390 983 τοῖς
404 908 526 971 σκέλεσι
541 906 838 990 περιαμπίσχονται.
854 903 959 977 ἵπποις
979 893 1143 982 δὲ’ἥκιστα
1152 896 1311 982 χρῶνται,

222 1005 303 1092 πλην
325 1005 449 1094 σφόδρα
473 1003 600 1087 ὄλίγυιν,
630 997 685 1066 dvo
710 999 748 1086 δη
773 995 878 1078 αὐτοῖς
906 995 943 1064 τὸ
964 1001 1156 1079 πεζομαχεῖν
1171 992 1311 1080 σύντρο-

224 1108 286 1196 φόν
301 1129 335 1170 τε
352 1098 389 1169 δν
404 1106 459 1168 καί
469 1101 599 1189 πάτριον
614 1103 671 1167 καί
690 1094 802 1188 άριστο
816 1100 1075 1184 μεμελετημένον.
1098 1097 1188 1181 §apoc
1214 1095 1251 1158 δὲ
1266 1095 1310 1183 τῷ

222 1207 309 1292 μηρῷ
318 1255 327 1286 ,
347 1193 401 1269 καί
418 1200 510 1278 ἀσπίς
526 1204 563 1290 τῇ
578 1204 653 1291 λαιᾷ
668 1202 788 1290 πλευρᾷ
802 1197 1016 1287 παρηάρητοιι.
1037 1198 1093 1264 κατ’
1106 1195 1212 1261 τοίνυν
1229 1193 1309 1272 τόξον·

193 1299 250 1390 1λῆ
265 1295 471 1392 σφενδάναςῆ
488 1293 567 1367 άλλα
578 1292 657 1366 dna
669 1295 800 1386 ἑκηβόλα
820 1293 900 1364 ὅπλα
917 1298 974 1363 οὖν
992 1296 1206 1382 ἐπιφέρονται,
1223 1286 1350 1362 detrito

222 1399 426 1488 πελέκειςγὰρ
437 1399 659 1488 ἀμφιστόμους
667 1390 957 1484 καίτοάςάγγωνας,
965 1391 1012 1472 οἷς
1020 1392 1058 1481 δι’]
1068 1397 1122 1458 καί
1129 1393 1310 1489 τὰπλεῖστα

223 1499 470 1587 κατεργάζονται·
481 1499 545 1566 εἰσί
556 1503 591 1564 δὲ
599 1498 628 1564 οἱ
642 1492 777 1584 άγγωνες
785 1496 904 1586 δάρατον
913 1496 951 1561 od
961 1494 1033 1560 λίαν
1045 1490 1173 1578 σμικρά,
1195 1489 1310 1572 οὖμενσ

223 1602 281 1666 οὖν
291 1599 360 1666 ἀλλ’
371 1600 447 1664 aaut
463 1592 542 1685 άγαν
556 1601 686 1684 μεγάλα,
698 1599 768 1664 ἄλλ’·
783 1593 857 1664 ὅσον
866 1591 1089 1675 dernuretel
1099 1615 1141 1674 τε,
1150 1589 1239 1656 εἴιιου
1257 1591 1310 1655 δε.

222 1696 305 1785 η’σοι,
323 1699 377 1764 καί
387 1699 419 1774 ὃς
439 1696 496 1773 τάς
508 1697 712 1783 ἆγχεμάχους
723 1698 911 1785 παρατάξεις
919 1693 997 1782 πρὸς
1012 1688 1221 1775 τάςέμβολάς
1234 1690 1309 1776 ἔφες

222 1802 376 1863 κυεῖσθαι,
389 1789 506 1862 τούτων
515 1799 551 1860 δέ
567 1793 603 1861 τὸ
613 1785 859 1881 πλεῖοτονμέρος
869 1793 989 1883 σιδήρῳ
1000 1790 1346 1876 πάντοθενπεριέχε-ιὸ

221 1921 284 1981 ται,
321 1892 364 1972 ὥς
380 1895 549 1978 έλάχιστόν
566 1921 599 1960 τι
619 1897 847 1982 διαφαίνεσθαι
863 1895 921 1960 τοῦ
933 1895 1038 1975 ξύλου,
1059 1895 1115 1957 καί
1127 1887 1220 1973 μόλις
1236 1883 1309 1953 ὅλον

222 1993 278 2061 τὸν
294 1998 495 2081 σαυρωτῆρα·
520 1987 584 2060 duco
605 1997 640 2059 δὲ
652 1993 741 2082 α’μφί
753 1992 787 2060 τὸ
800 1987 895 2083 depos
919 1996 975 2079 τῆς
999 1993 1116 2077 αἰχμῆς
1143 1987 1309 2071 καμπύλαι

128 2114 161 2168 v,
180 2096 302 2172 3οτινὲς
319 2095 424 2172 άκίδες
437 2097 599 2178 ε’ξέχουσιν
615 2090 809 2180 ἑκατέρωθεν
824 2097 858 2174 ἐξ
880 2088 980 2180 αὐτῆς
1003 2094 1101 2180 δήπου
1126 2093 1182 2174 τῆς
1199 2089 1308 2152 ἐπιδο-

222 2197 367 2282 ρατίδας,
392 2189 497 2281 ὥσπερ
528 2187 679 2281 άγκισιρα
704 2191 980 2279 ὖπογναπτόμενυι,
1018 2195 1073 2258 καί
1102 2194 1135 2269 ἒς
1159 2186 1198 2256 τά
1222 2186 1307 2254 κάτω

141 2317 168 2370 Ρ,
183 2317 217 2387 41
225 2294 396 2361 νενεάκοσι.
429 2295 484 2360 καί
503 2286 560 2361 οὖν
573 2296 689 2382 οἷφίησι
709 2292 858 2378 τυχὸνέν
878 2295 1040 2382 συμπλοκῇ
1062 2292 1171 2357 τοῦτον
1195 2286 1236 2373 δὴ
1254 2284 1343 2363 aduno

220 2389 346 2479 άγγωνα
372 2395 514 2483 Φράγγος
539 2393 629 2481 οἷνήρ.
660 2397 718 2460 καί
747 2396 777 2460 εἰ
801 2398 861 2478 μὲν
882 2394 1011 2476 σώματί
1033 2417 1093 2457 που
1116 2391 1308 2475 ἕγχρίψειεν,

220 2495 376 2561 εἰσδύεται
388 2497 449 2576 μὲν
467 2490 552 2576 εἴσω,
566 2489 669 2582 ὥσπερ
689 2491 790 2578 εἰκάς,
808 2495 829 2579 ἦ
848 2491 947 2578 αι’χμῆ
956 2523 976 2575 ,’
988 2485 1059 2558 οὔτε
1081 2492 1116 2556 δὲ
1142 2486 1239 2554 αὐτὸν
1253 2484 1310 2552 τὸν

219 2596 378 2682 βληθέντα
400 2586 472 2659 οὔτε
492 2586 586 2660 ἄλλον
607 2593 678 2660 τινὰ
698 2593 810 2682 ἕράσαι
824 2593 942 2684 ῥηιδίως
956 2590 1058 2659 ἔνεστι
1073 2589 1108 2657 τά
1131 2588 1221 2676 δόρυ.
1242 2585 1309 2676 εἴρ-

292 2697 331 2753 13.
340 2694 459 2768 δεήσηλλ,
515 2695 553 2767 14.
564 2695 750 2768 ἐφικνεῖσθαι
766 2701 805 2762 R„
815 2697 1006 2767 ἀφικνεῖσθαι
1014 2696 1084 2766 vulg.
1117 2681 1119 2691 ’
1155 2711 1195 2764 ¹9·
1215 2688 1308 2762 άγγν-

289 2770 439 2840 στρανιιλρ.
469 2767 712 2856 άνιογναιιτάμενα
721 2772 761 2834 a,
780 2771 862 2838 Intpr.
874 2779 1057 2830 coarcuatoe,
1077 2763 1307 2846 άπογαμπτόμεῖ

288 2856 325 2894 να
341 2841 422 2910 vulg„
441 2836 709 2912 άπογναμπτομενα
728 2840 811 2910 Lugd.
836 2859 857 2894 1.
873 2857 908 2892 m.
995 2836 1036 2898 αὖ.
1053 2834 1117 2890 οὔτε
1132 2833 1220 2891 ἄλλον
1239 2851 1305 2890 τινα

289 2911 352 2963 add.
370 2913 419 2976 lt,
441 2913 524 2982 Intpr.
544 2930 632 2985 neque
653 2913 728 2965 atius
746 2913 901 2985 quisquam.
1305 2954 1308 2961 .

220 2998 335 3053 fractum
360 2999 454 3063 suerit,
477 3000 551 3052 refici
576 3004 676 3069 potest.
721 2999 831 3052 Lorieas
850 3001 923 3052 enim
947 3003 975 3051 et
1001 3014 1092 3051 ocreas
1115 3013 1172 3050 nou
1194 2999 1307 3048 norunt.

219 3070 317 3138 Capita
337 3070 464 3141 plerique
488 3088 581 3123 eorum
603 3088 660 3123 non
683 3073 826 3135 muniunt,
854 3071 935 3140 pauci
961 3085 1025 3122 vero
1054 3068 1137 3139 galeis
1156 3068 1223 3118 tecti
1251 3083 1306 3135 pu-

218 3145 315 3260 inant.
346 3141 503 3193 Pectoribus
530 3150 559 3194 et
577 3142 729 3212 tergoribus
757 3141 792 3194 ad
809 3142 917 3193 lumbos
935 3155 1021 3210 usque
1038 3145 1102 3191 sunt
1120 3138 1217 3200 nudis,
1239 3136 1307 3189 inde

242 3210 326 3262 saccis
339 3210 397 3262 sive
415 3211 592 3264 femoraiibus
608 3213 656 3264 alii
673 3213 765 3277 lineis,
781 3213 829 3265 alii
846 3213 974 3264 coriaceis
993 3210 1085 3272 cincti,
1102 3209 1185 3261 tibias
1204 3224 1308 3276 coope-

219 3281 302 3331 riunt
338 3280 422 3350 Equis
438 3293 502 3333 vero
521 3299 578 3334 nou
595 3291 724 3348 utuntur,
755 3285 810 3336 nisi
829 3280 973 3335 admodum
990 3281 1100 3350 paucis,
1127 3281 1232 3351 quippe
1257 3279 1324 3348 qui‘

222 3350 258 3401 sd
278 3348 432 3418 pedestrem
460 3367 594 3421 pugnum
620 3372 689 3425 quae
713 3356 780 3424 ipsis
806 3354 946 3405 familiaris
964 3353 1106 3421 patriaque
1125 3357 1179 3413 est,
1202 3351 1307 3418 optime

219 3421 276 3472 sint
293 3421 441 3474 exercitati.
484 3423 563 3474 Ensis
590 3423 704 3487 femori,
731 3432 759 3476 et
784 3433 889 3477 scutum
912 3424 1022 3475 sinistro
1047 3422 1126 3472 lateri
1150 3421 1306 3490 appendet:

221 3491 338 3544 arcubus
360 3501 408 3544 aut
425 3491 527 3554 fundis,
545 3493 589 3546 vel
599 3496 660 3547 aliis
678 3495 751 3559 telis,
771 3513 841 3566 quae
862 3496 967 3546 eminus
986 3492 1130 3554 iaciuntur,
1147 3509 1204 3544 non
1219 3499 1306 3543 utun-

218 3570 280 3628 tur‚·
305 3561 354 3615 sed
382 3562 548 3631 ancipitibus
566 3566 709 3616 securibus
729 3574 759 3618 et
775 3566 942 3635 angoribus,
962 3563 1062 3634 quibus
1081 3564 1229 3631 praecipue
1248 3577 1307 3613 rem

218 3641 324 3702 gerunt.
355 3633 425 3685 Sunt
441 3650 505 3697 vero
528 3651 645 3703 angones
660 3634 754 3688 hastae
772 3637 906 3706 quaedam
929 3652 964 3687 ne
1004 3632 1182 3686 eadmodum
1197 3649 1306 3702 parvae,

218 3721 310 3775 neque
327 3705 471 3757 admodum
488 3722 607 3774 maguae,
630 3705 678 3758 sed
698 3714 726 3758 et
744 3707 779 3760 ad
796 3707 866 3759 iactu
882 3653 1044 3768 feriendum,
1063 3703 1152 3756 sicubi
1172 3720 1240 3773 opus
1258 3703 1305 3753 fu-

219 3776 290 3838 erit,
309 3783 338 3828 et
352 3777 400 3829 ubi
419 3777 540 3830 cominus
561 3777 660 3829 collato
676 3778 747 3847 pede
767 3776 966 3848 confligendum
987 3785 1028 3828 est
1045 3777 1081 3827 im
1103 3784 1217 3845 etusque
1235 3772 1305 3822 ssci-

219 3845 316 3909 endus‚
333 3848 555 3900 accommodatae.
571 3847 628 3899 Hae
636 3849 765 3919 pleraque
774 3851 818 3901 sui
826 3856 902 3917 parte
909 3849 980 3900 ferro
994 3856 1056 3900 sunt
1065 3794 1207 3906 obductae,
1218 3842 1258 3892 ita
1270 3849 1304 3893 ut

218 3931 362 3983 perparum
371 3920 439 3988 ligni
448 3936 464 3969 a
472 3917 581 3969 laminis
590 3919 685 3970 ferreis
698 3921 802 3973 nudum
810 3919 1002 3988 conspiciatur,
1023 3928 1105 3990 atque
1115 3918 1182 3966 adeo
1189 3915 1236 3964 vix
1243 3920 1303 3964 tcta

195 4040 198 4051 ¹
221 3987 290 4037 imae
307 3987 402 4041 hastae
414 3991 518 4058 cuspis3
543 4005 623 4058 supra
635 4007 699 4042 vero
718 3991 752 4042 ad
771 3990 967 4043 extremitatem
988 3989 1100 4057 spiculi,
1119 3985 1218 4038 adunci
1237 3985 1304 4054 qui-

222 4056 281 4107 dam
300 4073 441 4111 mucrones
460 4061 589 4130 utrinque
601 4061 767 4132 prominent,
785 4079 818 4113 ex
838 4063 897 4129 ipso
914 4061 1018 4130 spiculo
1034 4060 1119 4110 instar
1130 4055 1303 4106 hamulorunr

220 4126 323 4191 reflexi,
341 4136 370 4181 ct
383 4127 510 4183 deorsum
522 4139 670 4199 vergentes.
690 4134 721 4183 In
742 4131 867 4183 conflictu
886 4131 979 4202 itaque
998 4132 1115 4182 Francus
1131 4127 1209 4178 miles
1227 4123 1304 4176 bunc

221 4214 354 4268 augonem
374 4198 456 4271 iacit5
474 4200 548 4271 quod
565 4202 652 4257 tolum
670 4204 694 4257 si
715 4198 821 4275 corpori
835 4201 1073 4266 intumuerit,
1095 4196 1214 4268 adigitur
1235 4194 1301 4266 qui·
