2738 4816
256 222 306 306 18
472 268 475 273 ·
660 241 870 308 acaunum

123 397 313 466 aestuat
325 398 467 464 στάσεων
486 394 685 481 γονιμώτατα
704 394 803 483 πάδη.
833 390 919 479 ὅμως
934 399 1010 483 παρ’
1029 393 1157 474 ἐκείνοις
1179 398 1210 463 εἰ
1230 396 1286 463 καί
1305 399 1342 474 ἐς

152 483 402 576 ¹·‘¹·²⁶ntu'rru;
417 493 494 576 όσας
510 495 614 585 ἀρχάς
633 497 759 582 τύχοιεν
773 500 968 586 διῃρημένοι,
989 491 1082 562 οῦδὲν
1102 490 1137 578 ό,
1159 520 1191 560 τι
1213 494 1342 562 τοιόνδε

184 635 190 637 -
250 602 454 685 ξυμφέρεται.
481 599 552 664 ἀλλ’
570 595 659 686 εἴπερ
681 591 748 685 άρα
761 596 820 662 καί
828 621 898 662 τινα
918 597 986 683 ἔριν
997 596 1070 672 ’τοῖς
1086 598 1272 678 βασιλεῦσιν
1287 598 1342 679 ἑμ-

249 701 407 786 γενέσδαι
419 696 639 783 ξυνενεχθείη,
669 695 922 787 παρατάττονται
938 697 1000 778 μὲν
1016 689 1156 771 ,ἅπαντες
1178 693 1222 772 ὦς
1242 702 1342 760 πολε-

222 796 403 882 ςμήοοντες
434 795 490 861 καί
512 805 578 871 τοῖς
604 791 711 872 ὅπλοις
735 793 1030 882 διακριθησόμενοι,
1062 792 1119 859 καὶ
1141 788 1208 859 εἶτα
1240 790 1339 876 δμόσε

237 900 417 983 χωροῦσιν·
445 893 568 972 ἰδόντες
585 898 621 960 δὲ
638 895 793 981 ἀλλήλους
809 892 1007 982 ἑκατέρωθεν
1021 890 1040 980 ή
1056 892 1196 979 πληθύς,
1218 889 1342 960 αύτίκα

247 993 284 1061 τό
321 1001 513 1079 χαλεπαῖνον
550 993 759 1080 ἀποβαλόντες
787 997 820 1072 ἒς
850 992 1074 1081 ὁμοφροσύνην
1100 995 1339 1080 μεταχωροῦσι,

245 1096 300 1159 καί
318 1091 392 1169 τούς
417 1088 573 1178 ἡγεμόνας
590 1092 753 1158 κελεύουσι
777 1097 848 1182 δίκη
862 1091 1046 1176 μᾶλλοντά
1065 1090 1231 1178 ἀμφίβολα
1249 1094 1342 1157 διευ-

246 1189 469 1278 κρινήσασθαι·
498 1195 530 1257 εἰ
548 1193 584 1257 δὲ
600 1189 666 1277 μή,
696 1192 814 1274 μόνους
827 1195 962 1268 ἐκείνους
977 1190 1189 1275 ἀγωνίζεσθαι
1198 1242 1209 1272 ,
1230 1193 1290 1255 καί
1304 1192 1342 1256 ἐν

244 1289 356 1377 σφίσιν
373 1293 483 1369 αύτοῖς
494 1291 767 1375 διακινδυνεύειν,
790 1291 840 1382 ιιός
864 1293 925 1376 ούχ
945 1286 1032 1357 όσιον
1047 1284 1081 1357 δν
1099 1291 1175 1355 ortos
1190 1291 1337 1376 πάτριον,

245 1387 331 1466 torte
348 1383 453 1456 αύτοῦν
473 1391 563 1456 ἕνεκα
586 1392 773 1473 δυσμενείας
791 1388 832 1456 τά
851 1390 939 1456 κοινά
954 1391 1170 1477 σημαίνεσθαι
1187 1391 1243 1454 καί
1255 1390 1341 1454 ἀνα-

244 1491 432 1576 τετράφθαι·
462 1487 563 1567 εύθύς
580 1488 619 1576 δή
636 1482 692 1555 οῦν
706 1487 764 1568 τάς
777 1514 811 1555 τε
828 1487 992 1578 φάλαγγας
1011 1489 1195 1570 διαλύουσι,
1216 1488 1275 1554 καί
1297 1489 1339 1553 τά

188 1656 190 1661 s
244 1583 327 1653 όπλα
341 1587 496 1673 τίθενται,
517 1592 572 1655 καί
586 1587 732 1656 τολοιπόν
746 1591 854 1676 εἰρήνη
872 1585 971 1666 αὖθις
988 1589 1044 1655 καδ
1065 1587 1237 1676 ήμερότης,
1261 1613 1342 1676 φοι-

244 1687 347 1771 τήσεις
364 1711 398 1752 τε
420 1693 497 1774 παρ’
515 1682 670 1772 ἀλλήλους
687 1682 867 1775 ἀφύλακτοι
893 1687 949 1754 καί
960 1687 1134 1771 ἐπιμιξίαι,
1162 1690 1217 1752 καί
1230 1686 1340 1774 φροῦ-

249 1785 290 1849 δα
310 1784 432 1869 οἴχεται
452 1784 492 1851 τό
518 1787 616 1853 δεινά.
656 1783 754 1863 οῦτοος
774 1779 839 1874 ἀρα
859 1789 968 1864 αῦτοῖς
988 1786 1022 1853 τό
1046 1791 1107 1869 μὲν
1125 1784 1263 1872 ύπήκοον
1285 1786 1337 1853 δί-

157 1896 191 1958 V,
209 1908 337 1949 ιικαιον
363 1886 418 1949 καί
438 1884 632 1972 φιλόπατρι,
665 1883 701 1948 τό
724 1887 760 1951 δέ
774 1910 809 1970 με
829 1878 927 1971 ἀρχον
948 1885 1077 1969 ,εῦμενὲς
1098 1891 1133 1952 ἒν
1158 1875 1260 1951 δέοντι
1280 1891 1342 1952 καί

214 1985 420 2070 onerosum·
441 1983 545 2050 ταῦτά
561 2007 612 2051 τοι
630 1988 685 2074 καί
699 1988 878 2052 διατελοῦσι
897 1985 1034 2070 δύναμιν
1049 1989 1182 2075 βεβαίαν
1197 1985 1336 2070 ἔχοντες,

244 2086 299 2149 καί
315 2085 422 2167 νόμοις
441 2080 602 2170 χροόμενοι
623 2095 688 2163 τοῖς
710 2080 827 2163 αότοῖς·
858 2085 913 2151 καί
931 2089 996 2153 τῶν
1012 2091 1072 2170 μὲν
1091 2090 1213 2153 οἰκείων
1237 2086 1336 2152 οῦδὲν

146 2192 147 2197 ’
244 2180 278 2268 ό,
295 2211 327 2250 τι
348 2179 615 2270 ἀποβεβληκότες,
646 2191 777 2250 πλεῖστα
792 2189 827 2252 δὲ
846 2182 904 2251 ὅσα
924 2186 1175 2273 ἐπικτησάμενοι
1208 2187 1333 2250 δικαιο-

243 2285 323 2369 σύνη
344 2280 405 2370 γάρ
434 2287 490 2349 καί
514 2286 644 2371 φιλότης
669 2279 716 2362 οἷς
744 2279 784 2350 ἀν
803 2288 990 2373 ἐκτραφείη,
1025 2286 1200 2368 εύδαιζαονα
1220 2282 1342 2371 τίθιησυ

243 2383 401 2448 πολιτείαν
423 2384 479 2447 καί
491 2381 645 2466 μόνιμον,
666 2381 722 2448 καί
739 2377 851 2469 ήκιστα
870 2382 1030 2468 πολεμίοις
1045 2384 1213 2466 ἁλώσιμον.

324 2479 362 2564 μ’.
407 2474 498 2546 Olus
518 2484 578 2564 μὲν
595 2475 653 2548 οῦν
670 2479 699 2547 οἱ
716 2482 858 2571 (δράγμα
879 2475 995 2570 άρισια
1007 2485 1166 2567 βιοῦντες,
1185 2485 1281 2570 σφοῖν
1299 2508 1337 2549 τε

314 2650 339 2686 a.
358 2632 393 2685 or)
412 2614 444 2686 εδ
459 2634 490 2689 ll.
504 2651 554 2704 pso
574 2626 600 2697 ό,
620 2651 656 2687 τι.
721 2636 745 2688 3.
765 2651 829 2687 τινα
845 2636 873 2686 ll.
893 2641 921 2686 et
935 2633 985 2696 iu,
997 2632 1050 2686 m?
1064 2633 1135 2703 vulg.
1205 2651 1233 2703 7.
1255 2595 1337 2686 ἀπο-

313 2700 445 2772 βαλόντες
455 2705 487 2758 fr.
499 2713 527 2757 et
537 2706 577 2769 a,
597 2703 803 2773 ἀποβάλλοντες
822 2705 892 2774 vulg.
955 2721 993 2758 ια.
1014 2699 1047 2770 δή
1065 2706 1093 2756 ll.
1107 2712 1135 2762 et
1152 2703 1196 2764 fr,
1220 2705 1334 2775 revulg.

313 2792 357 2829 ao.
378 2773 496 2845 φιλότης
506 2777 536 2826 ll.
555 2777 646 2847 fnmg.
662 2775 746 2846 Lugd.
762 2784 790 2827 et
804 2776 889 2844 Intpr.
903 2775 1044 2841 ebaritas,
1059 2773 1218 2847 ’φιλοτιμία
1232 2775 1306 2845 vulg.

244 2905 272 2948 et
290 2895 474 2949 seditionibus
501 2894 644 2965 gignendis
668 2896 804 2964 aptissimi
828 2894 1022 2954 suboriantur:
1053 2891 1127 2962 apud
1148 2893 1211 2945 illos
1228 2889 1333 2958 temen,

242 2969 351 3019 tametsi
369 2969 398 3020 in
411 2984 499 3038 vquam
514 2969 646 3036 plurimos
667 2966 835 3035 principatus
856 2981 902 3016 eoa
921 2981 978 3016 esse
995 2964 1097 3016 divisos
1117 2964 1265 3032 contingat,
1286 2967 1332 3016 ni-

242 3035 285 3086 hil
305 3039 360 3088 tale
382 3056 434 3089 usu
451 3039 543 3103 venit,
567 3037 615 3089 sed
630 3038 655 3088 si
678 3053 747 3106 quae
764 3039 835 3089 forte
853 3036 924 3087 iuter
940 3035 1077 3103 principes
1097 3037 1201 3086 oriatur
1217 3043 1333 3087 contro-

240 3108 338 3168 versia,
357 3123 451 3158 omnes
461 3107 574 3176 quidem
591 3109 677 3159 aciem
687 3109 827 3158 instruunt
840 3113 972 3176 tanquam
986 3104 1197 3157 suscitandum
1209 3111 1332 3176 ‘remque

241 3178 323 3227 armis
345 3175 563 3241 decernendam,
586 3177 686 3229 deinde
703 3177 784 3228 simul
799 3173 975 3238 conveniunt,
994 3177 1166 3244 conspicatae
1184 3191 1250 3227 vero
1270 3193 1331 3228 sese

242 3246 373 3317 utrinque
388 3247 498 3315 copiae,
527 3248 618 3298 statim
641 3247 748 3299 abiecta
770 3247 934 3308 offensione,
959 3245 994 3296 ad
1010 3245 1183 3299 concordiam
1200 3244 1331 3309 redeunt,

241 3314 396 3385 iubeatque
414 3323 445 3366 ut
461 3316 599 3385 principes
621 3318 682 3369 iure
704 3317 795 3386 potius
812 3317 1007 3368 controversias
1026 3316 1187 3380 decernant3
1212 3318 1258 3368 siu
1277 3318 1332 3367 mi-

241 3403 303 3449 nus,
322 3395 354 3438 ut
363 3387 493 3454 singulari
510 3388 623 3438 interae
642 3387 787 3439 certamine
805 3395 895 3456 agant,
913 3394 941 3439 et
957 3405 1068 3440 suorum
1081 3387 1192 3456 ipsimet
1206 3386 1333 3455 capitum

241 3457 395 3523 periculum
408 3455 517 3514 adeant.
535 3457 633 3528 Neque
643 3458 717 3509 enim
728 3457 866 3526 aequitati
872 3465 919 3510 aut
934 3459 1039 3527 patriae
1052 3455 1246 3509 consuetudini
1261 3475 1331 3510 con·

243 3536 406 3579 sentaneum
423 3534 548 3589 censent,
579 3535 610 3579 ut
631 3530 753 3596 privatae
770 3529 891 3595 ipsorum
905 3529 1051 3580 simultatis
1066 3544 1196 3580 causares
1214 3527 1332 3597 publica

242 3597 425 3649 labefactetur
442 3606 470 3650 et
484 3597 663 3655 subvertatur.
684 3599 835 3651 Confestim
850 3598 943 3670 itaque
961 3608 990 3652 et
999 3601 1148 3652 exereitum
1161 3598 1285 3661 solvunt,
1302 3605 1332 3651 et

244 3685 316 3719 arma
334 3667 484 3736 deponunt,
510 3685 634 3738 paceque
651 3668 834 3736 redintegrata
851 3678 912 3722 tuto
926 3688 1016 3722 rursus
1032 3673 1105 3722 iuter
1122 3685 1150 3720 se
1166 3677 1331 3732 commeant,

244 3738 360 3789 sublatis
372 3754 387 3790 e
397 3738 489 3808 mpdio
506 3738 723 3791 difficultatibus.
742 3739 817 3792 Adeo
834 3740 907 3810 apud
924 3740 987 3792 illos
1007 3739 1111 3792 subditi
1125 3746 1188 3790 sunt
1202 3739 1331 3791 iustitiae

244 3815 273 3858 et
283 3809 393 3876 *patriae
412 3809 545 3874 studiosi3
566 3811 703 3878 principes
718 3827 796 3873 vero,
815 3810 865 3862 ubi
879 3828 946 3880 opus
964 3813 1017 3874 est,
1027 3808 1129 3880 placidi
1144 3817 1172 3860 et
1189 3809 1330 3861 obsecun-

244 3877 349 3930 dantes.
385 3877 489 3930 Idcirco
502 3881 599 3951 utique
613 3889 640 3931 et
657 3881 760 3932 firmam
777 3881 880 3952 degunt
896 3881 1029 3933 habentes
1041 3882 1208 3950 potentiam,
1228 3881 1330 3932 iisdem

241 3949 349 4017 legibus
365 3957 484 4012 utentes,
503 3967 551 4003 sua
562 3958 679 4014 tuentes,
698 3953 823 4022 nihilque
839 3953 1006 4014 amittentes,
1025 3951 1242 4024 quamplurima
1261 3968 1328 4003 vero

244 4021 426 4089 acquirentes.
467 4022 574 4074 Iustitia
592 4023 666 4073 euim
686 4031 714 4074 et
733 4024 852 4074 amicitia
876 4020 926 4071 ubi
945 4023 1053 4090 vigent,
1077 4022 1328 4074 beatamlirmam-

244 4104 299 4162 que
317 4089 441 4150 efficiunt
459 4093 671 4159 rempublicam
694 4102 722 4145 et
740 4109 909 4178 nequaquam
927 4091 1052 4144 hostibus
1071 4091 1291 4162 expugnabilem.

313 4163 340 4219 3.
358 4162 455 4218 Franci
469 4163 563 4234 itaque
572 4163 624 4217 hoc
638 4164 723 4219 ‘modo
735 4172 837 4237 optime
850 4165 1018 4220 vitani-suana
1027 4163 1212 4230 instituentes,
1231 4172 1259 4218 et
1270 4163 1327 4218 sibi
