2730 4816
414 256 811 337 memmatensis.
1045 239 1145 353 -59

150 403 201 471 ut.
238 404 405 496 Ἐντοίτρι
429 411 464 476 δὲ
485 409 659 498 ό-Ναρσῆς
684 417 723 502 τῇ
739 414 893 505 Ῥαβέννῃ
919 406 1070 499 ἐπιστάς,
1095 415 1275 486 salamis

93 511 141 578 τοῖς
157 507 299 571 ἔνταῢδα
326 506 558 593 στρατεύμασιν
578 510 746 598 ὁμιλήσας,
774 512 830 576 καί
851 511 953 580 πάντα
979 517 1013 582 ἒν
1045 517 1146 581 δέοντι
1155 505 1175 554 Ῑ·
1187 504 1207 552 I.
1223 505 1257 554 ²⁶

90 606 363 689 καταστησάμενος,
392 609 425 682 ἐς
452 609 626 696 Ἀρίμηνον
652 611 767 697 ε’χάρει·
784 611 851 696 τὴν
878 610 1060 694 πόλιν,’ξόν
1083 621 1183 691 soleii.
1200 623 1236 688 24

1 766 3 806 Ι
88 699 179 768 inicos
203 699 288 790 αὐτῷ
308 703 531 793 καὶπρότερον
549 711 680 774 εἵποντο.
710 709 818 795 ἐπειδὴ
841 708 899 795 γάρ
923 711 1105 799 Οδάκκαρος
1131 708 1148 776 δ

1 821 2 890 j
26 842 28 845 -
73 789 214 884 5οόαρνσς
229 799 263 866 τό
281 806 368 885 γένος
389 797 481 892 όλίμρ
500 804 650 894 πρότερον
674 806 851 892 ἐτεθνήκει,
867 807 943 894 άνὴρ
959 813 993 891 ἐν
1007 819 1073 886 τοῖς
1087 808 1152 892 μάε

1 928 2 932 ’
84 902 159 975 λιστα
182 897 282 976 δεινός
293 924 327 964 τε
341 900 396 966 καί
410 903 631 989 φιλοπόλεμος,
662 906 776 971 αὐτίκα
789 906 805 973 ὅ
822 916 894 984 παῖς
911 907 927 972 ό
941 911 1058 974 ἐκείνου
1071 911 1153 973 Θευ·

7 1078 10 1083 ἧ
83 997 217 1078 δάδαλδος
240 999 350 1083 (τοῦτο
371 999 430 1086 γάρ
464 993 563 1083 όνομα
588 1006 633 1091 τῷ
659 1005 770 1094 παιδί)
802 1000 869 1087 άμα
902 1014 966 1081 τοῖς
992 1002 1153 1087 ἑπομένοις

85 1091 243 1183 Οόάρνοις,
265 1103 393 1179 βασιλεῖ
411 1102 475 1167 ταῖν
490 1101 659 1184 Ῥωμαίων
677 1103 886 1191 προσεχώρει,
917 1104 974 1170 καί
1001 1107 1033 1183 ἒς
1053 1105 1171 1191 Ἀρί-Β

80 1194 164 1277 μηνον
182 1198 286 1282 παρῆν
312 1195 355 1272 οἷς
375 1197 474 1266 αὐτοῦ
498 1203 541 1288 τῷ
563 1205 675 1288 Ναρσῇ
696 1203 920 1284 ἐντευξόμενος.
941 1196 984 1269 ὧν
1003 1203 1040 1289 δὴ
1059 1206 1147 1270 ἕνεκα

56 1293 210 1357 Ιῡὲνταῦθα
227 1293 282 1358 καί
306 1290 359 1378 όχε
385 1297 516 1383 άφῖκτο,
541 1302 593 1385 ἐφ’
608 1291 633 1387 ᾧ
651 1296 792 1377 ἅπαντας
811 1305 933 1391 χρυσίῳ
956 1311 1149 1388 φιλοφρονη-

79 1393 212 1473 σάμενος,
226 1394 374 1476 βεβαίους
392 1398 425 1472 ἐς
444 1392 472 1479 δ’,
491 1422 521 1463 τι
534 1397 673 1478 μάλιστα
691 1397 762 1482 ἔχοι
773 1400 964 1483 ξυμμάχους.
978 1402 1011 1466 ἐν
1023 1403 1147 1478 τούτοις

79 1491 108 1552 δὲ
129 1485 227 1555 uiro&
246 1493 499 1580 διημερεύοντος,
526 1489 639 1581 ἄνδρες
664 1500 726 1561 ταῖν
750 1495 902 1583 Φράχγαν
923 1501 956 1575 ἒς
977 1501 1148 1580 δισχιλίους

81 1587 189 1671 άναμίξ
216 1591 306 1670 πεζοί
322 1592 377 1658 καί
387 1590 531 1676 ἱππόται,
550 1597 583 1658 οἳ
596 1593 633 1680 δὴ
648 1596 817 1684 ἒτόχχανον
836 1600 869 1670 ἑς
887 1593 1082 1683 άρπαγάςτε
1096 1596 1150 1661 καί
1200 1640 1203 1648 ·

23 1702 30 1726 ⁰
78 1687 238 1772 λεηλασίας
254 1693 317 1774 τῆς·
325 1691 435 1778 χώρας
449 1690 511 1756 όπό
529 1695 590 1758 τῶν
611 1698 771 1781 σφετέρων
792 1693 951 1778 ἡγεμόνοιν
972 1696 1148 1775 σταλέντες,

52 1773 158 1850 riviro
176 1789 212 1851 δὲ
228 1788 328 1872 άχχοῦ
346 1793 403 1874 τῆς
424 1788 544 1868 πόλεως
568 1797 780 1877 γεγενημένοι,
802 1790 874 1868 τοός
892 1816 925 1856 τε
948 1789 1061 1878 άχροδς
1082 1789 1149 1856 Ιε’σί-

79 1909 173 1968 sasso,
196 1887 253 1951 καί
270 1885 347 1965 τοός
359 1887 436 1972 βόας
452 1884 553 1956 εἷλκον
572 1889 646 1967 τοός
662 1891 836 1978 ἀροτῆρας,
855 1889 910 1954 καί
929 1885 1055 1955 άπαντα
1074 1887 1149 1976 ἔφε-

78 2007 126 2069 ρον
141 1986 273 2070 άνὲδην,
295 1986 339 2063 τός
360 1990 414 2054 καί
435 1986 533 2056 αὐτόν
549 1989 650 2076 δήπου
672 1988 728 2056 τόν
755 1993 888 2076 Ναρσῆν
908 1986 1151 2076 ἐπιφράσασθαι

77 2080 111 2147 ’τά
128 2083 310 2167 ποιεόμενα.
329 2079 404 2171 ἧστο
422 2085 481 2175 γάρ
501 2092 535 2165 ἐς
555 2086 696 2178 όπερρῖόν
715 2115 746 2155 τι
768 2086 922 2172 δωμάτων
936 2091 980 2154 ἐν
1003 2091 1148 2177 περιωπῇ

78 2187 125 2248 τοῦ
143 2184 263 2250 πεδίου.
282 2182 539 2273 sacriscrinio,
562 2187 706 2276 (αἰσχρὸν
725 2187 785 2276 γάρ
809 2215 842 2254 τι
858 2187 915 2258 καί
929 2183 1050 2270 άχεννὲς
1072 2180 1179 2277 &aroc

50 2279 150 2349 rostras
171 2309 207 2350 το
226 2310 271 2369 μη
295 2284 371 2369 ουχὶ
385 2311 420 2351 ειι
443 2290 506 2353 τῶν
525 2287 689 2374 παρόντων
709 2287 927 2376 άμόνασθαι,)
951 2284 1077 2372 ὑπεξῄει
1096 2287 1151 2349 rori

80 2372 196 2465 άστεος,
225 2386 320 2447 ἵππου
345 2381 456 2468 ἐπιβάς
480 2385 689 2471 εόηνιωτάτου
710 2385 765 2450 καί
792 2381 971 2472 άχεριόχσυ,
1000 2379 1055 2447 καὶ
1080 2385 1176 2447 οἴου.
1225 2402 1228 2407 “

81 2482 129 2547 osis
148 2475 271 2559 άτακτα
294 2479 481 2558 ἐξάλλεσθαι
500 2484 557 2549 καί
579 2487 725 2575 σκιρτᾷν,
748 2482 828 2550 ἄλλά
850 2483 908 2560 τάς
932 2506 966 2546 τε
988 2476 1150 2556 ἐπελάσεις

140 2618 165 2671 3.
182 2606 339 2686 ’Λριμηνδν
354 2617 426 2688 vulg.
523 2623 549 2674 6.
567 2617 678 2672 ἐκείνου
696 2621 741 2683 R„
761 2618 843 2687 Intpr.
861 2618 944 2670 huius
953 2616 1054 2688 filius,
1076 2615 1149 2669 issi·

139 2701 190 2744 νος
211 2689 282 2758 vulg.
353 2705 376 2757 7.
395 2690 457 2740 Post
471 2676 529 2760 γάρ
544 2691 614 2761 vulg.
627 2690 758 2742 inseritur
773 2683 821 2754 ἦν,
843 2687 918 2758 quod
934 2704 984 2739 om.
1006 2689 1035 2738 ll·
1106 2703 1149 2738 ar.
1190 2737 1202 2743 ,,

52 2800 54 2803 ,
141 2771 172 2810 τε
191 2767 256 2827 post
273 2755 461 2824 εδρνιωτάτοο
479 2761 529 2812 ins.
546 2769 598 2830 mg.
616 2759 700 2830 Lugd.
761 2816 763 2824 ,

140 2912 182 2952 as.
211 2898 319 2951 Interea
332 2897 429 2953 Narses
443 2902 586 2954 Ravennae
600 2901 759 2962 subsistens,
779 2904 861 2971 atqire'
874 2895 946 2951 inter
960 2891 1059 2965 copiari,
1078 2903 1148 2967 quse

80 2965 113 3019 ibi
127 2975 213 3031 erant,
235 2985 351 3032 versans,
368 2971 450 3023 rebus
468 2972 594 3024 omnibus
607 2983 678 3024 reete
695 2972 860 3033 constitutis,
874 2968 1023 3020 Ariminum
1038 2984 1148 3019 eonces-

80 3031 110 3090 sit
122 3056 182 3090 cum
193 3040 289 3092 eodem
301 3058 354 3111 quo
372 3049 452 3093 antes
469 3044 581 3094 venerat
596 3045 733 3094 comitatu.
773 3041 881 3092 Mortuo
898 3039 968 3089 enim
987 3038 1071 3106 paulo·
1085 3045 1148 3087 ante

79 3105 199 3171 Vacearo,
218 3120 315 3178 genere
325 3108 425 3175 Va'rno,
438 3113 496 3164 viro
513 3113 645 3180 imprimis
668 3112 743 3182 gravi
760 3119 788 3162 et
803 3110 943 3174 bellicoso,
957 3109 1049 3159 statim
1056 3107 1150 3171 Theo·

79 3172 201 3232 tibaldus
215 3176 272 3231 elus
290 3181 362 3233 filius
379 3199 440 3234 eum
449 3181 545 3234 Varnis
564 3198 626 3247 enm
642 3172 834 3234 comitantibus
853 3180 886 3231 ad
901 3178 1081 3230 Romanorum
1094 3180 1149 3228 Im-

77 3259 224 3315 peratorem
240 3260 402 3315 accesserat,
424 3255 451 3304 et
466 3242 581 3304 Arimini
597 3261 655 3305 erat
671 3261 801 3323 tanquam
825 3248 865 3302 ibi
876 3250 1015 3301 Narsetem
1032 3265 1150 3298 eonven-

77 3325 164 3384 turus,
193 3338 247 3390 quo
269 3323 349 3374 etiam
371 3323 430 3392 ipse
450 3339 482 3374 ea
506 3322 540 3374 de
558 3340 638 3375 causa
652 3329 785 3385 uenerat,
809 3329 840 3372 nt
857 3320 981 3372 omnibns
999 3311 1150 3369 liberaliter

77 3405 136 3442 auro
156 3391 264 3443 donatis
283 3382 448 3444 firmissimos
463 3392 531 3445 belli
554 3395 640 3444 socios
657 3386 779 3445 baberet.
814 3385 894 3442 Hisce
918 3389 998 3441 rebus
1018 3394 1149 3456 occupato
1224 3392 1227 3397 ’

77 3451 311 3523 Νοτεεῐε,Ῥτεσσί
332 3461 433 3515 addua
448 3464 535 3525 millia
548 3454 655 3515 mixtim
670 3461 793 3533 peditum
808 3470 836 3513 'et
849 3459 979 3530 equitum,-
1001 3461 1048 3528 qui
1062 3476 1076 3509 a
1093 3458 1148 3507 suis

77 3533 218 3596 praefectis
236 3531 271 3583 ad
291 3525 449 3584 vastandum
466 3542 494 3584 et
510 3532 729 3603 depraedandum
745 3549 837 3602 agrum
860 3530 937 3582 trani
955 3522 1060 3589 emissi,
1088 3529 1149 3593 eum

78 3597 127 3651 ism
144 3603 208 3655 urbi
223 3605 494 3673 appropinquassent,
513 3611 644 3674 agrosque
654 3607 794 3656 vastarent
803 3610 831 3653 'et
853 3602 936 3666 boves
956 3605 1072 3651 aratores
1087 3595 1148 3645 abi·
1232 3624 1236 3634 ι

93 3680 185 3736 erent,
207 3674 352 3744 omniaque
370 3677 523 3743 promiscue
548 3681 658 3743 agerent
677 3682 708 3727 ae'
724 3675 839 3735 ferrent,
864 3672 1011 3739 aspiciente
1028 3665 1149 3725 Narsete,

77 3685 197 3808 iaciebat
213 3745 287 3803 enirn
301 3746 359 3812 ipse
374 3746 403 3795 in
419 3745 530 3795 sublimi
545 3738 661 3813 quadam
673 3745 796 3814 pergula,
815 3735 887 3793 unde
904 3741 933 3789 in
953 3743 1078 3804 eampum,
1092 3741 1150 3785 erat

77 3812 244 3884 prospectus)
260 3823 338 3882 turpe
353 3831 503 3886 parumque
519 3823 676 3882 generosum
691 3823 771 3875 ratus,
786 3812 838 3863 nisi
856 3815 929 3862 exre
944 3805 1080 3876 praesenti
1094 3805 1150 3855 vh'n

76 3885 261 3953 propulsaret3
277 3884 344 3936 urbe
362 3887 435 3946 exit,
454 3892 600 3936 conscenso
619 3892 705 3954 equo,
726 3877 773 3954 qui
792 3875 906 3934 habenis
927 3875 1155 3958 audienti-ssimum

77 3962 152 4017 esset,
167 3955 270 4023 pariter
281 3957 308 4006 et
324 3971 467 4023 generosus
485 3972 515 4006 ac
529 3954 622 4014 ferox,
644 3954 747 4024 quiq'ue
763 3959 818 4003 non
837 3952 923 4001 solum
933 3952 1079 4014 composite
1093 3961 1148 3995 ser-

77 4024 153 4094 ieque
164 4027 292 4094 prosilire
307 4033 335 4076 et
347 4026 443 4077 saltare
457 4032 557 4086 nosset,
574 4023 717 4076 sedetiam
732 4025 861 4089 impetum
883 4019 913 4068 in
929 4016 1034 4068 hostem
1049 4016 1147 4096 faeere,

79 4107 236 4165 cursumque
253 4097 348 4147 sistere
369 4103 396 4146 et
410 4102 482 4147 retro
497 4095 562 4145 ferri
577 4111 626 4144 usu
642 4095 726 4146 multo
745 4099 816 4144 esset
831 4088 958 4149 edoctus,
983 4094 1011 4138 et
1028 4102 1044 4137 e
1062 4101 1146 4167 eormd

79 4165 132 4218 tatu
147 4182 198 4219 suo
222 4166 415 4238 quotquotrei
431 4164 550 4219 bellicae
570 4182 625 4217 non
646 4165 755 4217 omnino
775 4167 852 4215 erant
868 4157 1003 4230 imperiti,
1023 4171 1098 4224 sequi
1115 4158 1147 4203 ts
