2738 4816
264 234 342 298 XXX
586 228 770 294 CARMle
795 229 836 291 ΙΝ
861 229 1028 292 LAUDEM

412 379 472 444 ΙΝ
505 379 821 460 Acsrntee
858 368 1205 444 ulsrosism

266 496 289 544 A
305 495 355 545 CL.
372 494 405 544 V.
428 491 675 543 BONAVFNTURA
701 492 870 542 VULCANIO
885 492 1019 543 GRAECE
1032 495 1073 540 ET
1088 493 1207 542 LATINE
1221 490 1327 541 EDITA]

446 577 683 631 HIEREMIAS
721 579 984 636 BASTINGIUS
1010 581 1036 631 S.
1059 581 1091 632 T.
1125 581 1158 632 D.

512 682 551 716 er
571 680 733 716 connecti
752 677 959 719 resonemus
977 682 1111 720 cnaeus.

266 803 374 869 Ausees
392 800 472 856 debet
489 801 576 863 uitam
592 799 732 882 postfata
749 799 872 852 Musoni:

300 877 484 926 lenueesssos
501 879 571 923 ovas
590 873 733 924 Historeco
748 870 877 922 Amisa.

271 945 370 996 Gloria
390 960 453 994 nam
471 944 562 993 maior
581 954 660 993 tanto
681 955 722 993 est
741 939 809 992 tibi:
818 941 894 1015 ficta
912 942 1006 996 Poetis

301 1018 325 1068 A
344 1030 415 1067 vera
433 1023 539 1083 quanto
562 1013 690 1063 vincitur
709 1010 845 1064 Historia.

267 1086 361 1138 Macte
380 1079 429 1136 scd
446 1100 462 1133 o
481 1082 587 1133 uirtute
606 1093 656 1134 tua
674 1078 774 1133 dilecte
795 1081 939 1134 Camoenis

304 1156 359 1221 Qui
377 1153 472 1206 clarus
488 1152 593 1204 volitas
610 1149 693 1205 docta
709 1167 760 1220 per
772 1150 832 1204 ora'
843 1152 936 1203 virum

266 1224 408 1284 vocem,
427 1236 507 1293 quem
525 1239 583 1272 non
601 1222 673 1275 ubios
690 1222 805 1274 subiisse
822 1221 948 1274 labores

303 1291 434 1354 Taeduit‚
460 1305 602 1345 aeternum
625 1302 657 1344 ut
682 1294 794 1344 viveret
819 1292 960 1343 Auernus.
1007 1294 1008 1298 ’

266 1363 400 1429 Acumen
418 1363 550 1431 inquam,
570 1362 665 1414 Graiis
685 1363 862 1431 utcognitus
880 1362 947 1413 oiim

300 1432 381 1486 Nune
401 1433 496 1484 Graiis
512 1432 621 1500 pariter
639 1433 766 1504 cognitus
783 1444 812 1484 et
827 1433 925 1493 Latiis.

267 1503 315 1556 Sic
333 1500 472 1574 quondam
491 1500 525 1556 de
543 1515 568 1553 te
586 1515 626 1554 est
644 1504 757 1555 meritus
774 1500 929 1556 doctissime
946 1501 1049 1556 Rbetor

301 1573 494 1644 Romanaeque
510 1570 592 1625 decus
610 1572 791 1641 Quaesumus.
807 1585 907 1642 togae,

269 1642 398 1695 Poooius:
416 1641 489 1695 bunc
505 1660 665 1713 quanquam
684 1643 865 1710 superasboc
885 1643 1011 1704 nomine,
1029 1642 1106 1695 cultu

304 1709 386 1778 Quod
405 1727 457 1778 per
473 1723 500 1763 te
516 1715 624 1780 gemino
645 1710 789 1781 spiendeat
802 1712 942 1765 Auernus.

267 1783 285 1834 1
302 1796 377 1832 nuno
396 1780 480 1832 Mons
499 1796 597 1850 crepa,
617 1791 644 1830 et
660 1782 732 1834 maie
749 1798 864 1851 carpere
883 1780 976 1834 desine
995 1784 1085 1851 quite
1103 1796 1143 1836 ese

302 1849 431 1901 Passibus
449 1851 603 1901 innumeris
619 1847 730 1901 doctior
746 1863 774 1903 et
790 1851 897 1903 melior.

271 1921 324 1973 Vos
340 1930 430 1972 autem
450 1920 580 1987 Peoceens
598 1918 698 1986 quibus
714 1921 783 1972 baec
803 1933 978 1974 monumenta
997 1918 1139 1983 dicantur,
1194 1965 1196 1969 .

254 2013 258 2020 ·
305 1991 340 2042 Ut
355 2001 449 2042 vestro
466 2000 597 2041 maneant
614 2001 675 2041 tuta
699 1992 747 2043 sub
767 1991 892 2059 imperio,

268 2060 349 2112 Hunc
365 2057 506 2111 redamate
525 2061 637 2120 virum,
662 2071 747 2131 tuque
768 2078 784 2111 o
801 2061 931 2111 Bemvm
948 2057 1040 2127 gaude

304 2127 404 2184 Lucem
421 2145 457 2182 ex
476 2141 502 2182 te
520 2128 654 2181 Astreus
672 2127 750 2201 quod
764 2127 911 2183 redivivus
930 2130 1020 2185 babet.

710 2267 902 2283 ψ

567 2352 816 2408 PAULLUS
853 2347 1036 2412 eunti.

706 2459 903 2495 MERULA·

267 2542 342 2613 Qum
361 2542 406 2597 bic
425 2560 519 2598 reeens
534 2543 677 2613 scriptoris
698 2546 756 2596 orti
774 2545 912 2597 contuor?

265 2614 361 2673 Proles
378 2614 457 2668 cluor
474 2615 586 2684 Agatbi.
623 2613 726 2666 Ominis
744 2610 844 2668 nomen
861 2616 928 2667 boni

267 2682 404 2737 Adnosco.
436 2684 507 2736 Nam
526 2692 575 2755 qut
592 2683 672 2738 audit
690 2685 792 2746 bonus,
810 2687 917 2756 plerum
936 2686 1077 2751 bonus’st,
1114 2744 1117 2750 ,

269 2755 373 2824 Quique
394 2755 500 2806 abono
519 2767 620 2815 natus,
638 2756 725 2807 bonus
744 2756 793 2807 itte
813 2757 977 2825 plurumum.

301 2826 386 2878 Lares
402 2825 471 2876 mibi
487 2826 618 2892 Smyrnae
629 2827 760 2894 paterni,
782 2843 852 2897 quae
872 2844 950 2879 suum

269 2894 362 2949 Civem
380 2912 435 2949 esse
452 2898 609 2956 Homerum,
624 2897 779 2967 principem
796 2908 891 2948 uatum
910 2901 1043 2964 omnium,

265 2967 397 3037 Princeps
412 2968 545 3037 probauit
562 2967 628 3018 olim
646 2978 675 3019 et
690 2979 755 3018 ante
774 2980 908 3033 caeteras,

268 3039 344 3102 Quae
361 3038 507 3090 iniverunt
523 3049 676 3098 certamen,
697 3039 775 3089 urbis
792 3040 935 3093 Graeciae.

265 3108 335 3161 Fere
354 3119 411 3169 est,
431 3121 461 3159 ut
477 3106 565 3160 adsim
586 3107 620 3158 ab
639 3107 746 3179 inferat
766 3110 828 3179 ripa
847 3110 956 3179 Stygis.

303 3179 379 3244 Quae
397 3180 492 3230 Morta
511 3190 536 3230 te
552 3180 653 3245 pressit
660 3178 782 3249 fervissis
801 3180 911 3232 circites

265 3247 346 3299 Mille
356 3247 530 3318 ‘ampliusque
547 3247 713 3301 obliviosis?
728 3251 849 3318 ploxeno

260 3314 345 3381 ¹Quae
364 3317 432 3368 Fors
448 3319 564 3374 silente,
584 3314 788 3389 decrescente,
810 3330 835 3369 te
857 3318 971 3371 obruit?
990 3344 992 3348 v

267 3384 440 3442 incommodo
460 3388 585 3457 maloque
603 3404 731 3439 maxumo
750 3390 887 3447 omnium,

267 3453 354 3508 Cordi
370 3456 470 3526 quibus
485 3474 623 3518 curaeque
640 3469 716 3527 gesta
734 3474 805 3528 quae
824 3469 908 3523 retro.

244 3579 248 3602 Ι
302 3526 464 3578 Immanitas
487 3525 647 3579 Gottborum
664 3539 693 3581 et
708 3530 872 3580 Hunnorum
881 3530 951 3600 stra

263 3593 331 3650 Med
349 3597 495 3650 acuiterno
512 3599 688 3669 manciparat
704 3599 831 3664 carceri,-

187 3663 189 3669 ’
266 3668 316 3726 Ut,
339 3665 479 3737 quidquid
495 3687 512 3721 a
521 3669 598 3740 fatis
618 3669 687 3721 mdsi
703 3669 781 3720 vitas
800 3685 897 3738 super,

263 3736 417 3804 lngiorium
435 3749 502 3790 esset
518 3749 602 3806 atque
619 3739 715 3810 squabe
732 3738 885 3792 sordidum.

297 3808 333 3856 At
350 3803 422 3858 unde
441 3819 548 3858 tantum
562 3810 733 3862 saevitatis?
748 3811 899 3870 beectuum,
914 3816 915 3819 ’

266 3874 368 3943 Quibus
387 3893 438 3930 nec
457 3894 579 3949 unquam
586 3877 661 3949 finis
681 3893 751 3934 esset
768 3899 819 3935 nec
835 3880 951 3946 modus,

264 3947 386 3998 Causam
399 3964 439 4000 me
458 3949 497 4000 eis
514 3949 705 4010 certissumum.
718 3965 845 4005 moneret
853 3955 921 4022 fhre

261 4015 365 4087 Ecsata
383 4030 488 4080 vatum,
506 4020 575 4087 quos
591 4017 725 4086 adirent,
746 4020 855 4076 diction

262 4085 386 4141 Immersi
401 4089 473 4140 enim
491 4087 602 4144 crudele
619 4108 777 4146 moerorum
791 4108 889 4152 mare,

263 4156 301 4207 Et
319 4158 444 4221 conscii,
464 4176 536 4230 quae
554 4156 612 4214 non
628 4163 710 4218 semsi
724 4164 828 4230 paneg
840 4163 933 4234 iugum
939 4182 951 4232 7·
