2738 4816
156 467 231 546 nn
265 472 383 550 vna
424 439 692 565 aurnuns,
735 452 948 574 nasoon
985 477 1148 557 ursan

475 632 821 711 fflsuonsuuu.

193 817 346 902 Agathiss
364 825 516 881 natusest
531 818 674 904 Myrinne
687 823 717 899 1)
738 819 770 882 in
782 821 915 884 Aeolide
928 820 1036 885 Asiae:
1051 824 1083 903 ²)
1098 813 1186 908 patre

103 917 317 996 Memnonio,
341 916 470 980 rhetore
495 919 548 996 ³),
575 927 674 982 matra
696 920 860 999 Pericles,
890 930 1032 983 matrona
1057 926 1185 988 sanctis·

105 1019 207 1096 sima,
233 1037 332 1100 quarn
352 1017 489 1079 triennis
512 1017 615 1081 amisit
630 1020 673 1097 l).
714 1021 800 1081 Haec
820 1041 920 1103 quum
943 1032 1065 1083 mortus
1083 1044 1120 1083 ac
1135 1045 1188 1085 se·

103 1117 197 1200 pulta
224 1118 266 1177 sit
291 1116 588 1200 Constantinopoli,
621 1117 777 1181 credibile
807 1127 855 1180 est
877 1127 999 1200 patrem
1025 1137 1092 1182 sese
1107 1121 1187 1183 illuc

104 1214 141 1276 in
162 1215 275 1276 urbem
294 1215 415 1298 regiam
433 1215 625 1294 contulisse,
648 1217 689 1280 sd
710 1239 804 1300 quam
830 1218 974 1299 undique
994 1203 1038 1280 ex'
1054 1219 1187 1301 provin·

105 1313 166 1376 ciis
192 1312 301 1396 graeci
325 1314 479 1376 sermonis
506 1314 713 1377 confluebant
729 1315 787 1398 qui
810 1315 973 1378 doctrinae
992 1316 1189 1400 ingenioque

103 1412 318 1476 confiderent.
357 1412 501 1473 Fratrem
512 1411 626 1473 hahuit
641 1415 745 1474 sirum
760 1413 961 1491 honoratum,
980 1414 1070 1476 cuius
1081 1424 1187 1476 tamen

103 1531 225 1573 nomen
244 1510 424 1593 ignoramus
439 1512 488 1588 ⁵):
516 1530 658 1571 sororem
674 1510 867 1593 Eugenium,
890 1509 1016 1572 doctam
1033 1511 1186 1594 puellam,

104 1607 247 1672 discordi
264 1607 468 1670 matrimonio
482 1624 563 1670 'cnm
578 1607 746 1670 Theodoto
765 1609 904 1691 quodam
922 1608 1126 1671 coniunctam
1140 1606 1186 1688 ⁶).

21 1765 24 1772 .
102 1705 286 1791 Agathiam,
307 1707 482 1790 penultima
498 1707 619 1793 syllaba
632 1717 787 1792 correpte,
810 1729 869 1771 nos
883 1729 1048 1782 rocsmns3
1070 1708 1187 1771 Graeci

102 1808 192 1870 idem
216 1826 354 1884 nomen,
384 1827 443 1891 pro
466 1817 618 1870 accentus
639 1806 783 1885 ratione,
809 1807 976 1891 Agathiam
998 1808 1185 1893 proferunt:

102 1907 204 1989 idque
227 1926 312 1967 enm*
324 1905 445 1988 ipsum,
475 1894 662 1990 ceterosque
682 1903 769 1970 illins
788 1905 1030 1986 scribonium,
1055 1901 1183 1983 lesisse,

29 2034 32 2050 ι
100 2005 149 2067 ita
172 2012 211 2064 ut
231 2003 410 2086 penultima
435 2004 528 2086 longa
549 2013 735 2083 uterentur,
766 2005 925 2089 exipsius
952 2003 1185 2088 epigrammatis

99 2103 294 2188 appareti).
333 2101 522 2184 Disciplinis
544 2103 743 2181 litterarum,
774 2124 870 2186 qaas,
891 2103 946 2186 qui
968 2101 1092 2165 liberali
1114 2103 1187 2165 ani-

97 2222 156 2263 ano
172 2209 291 2278 essent,
314 2199 532 2284 percipiebant
555 2211 727 2284 antequam
744 2223 777 2265 se
795 2203 836 2264 sd
857 2203 964 2284 legum
975 2203 1187 2263 Romanarum

92 2299 244 2364 studium
261 2306 495 2378 converterent,
516 2299 731 2363 Alexandriae
743 2300 880 2364 studuitz
903 2299 989 2362 unde
1003 2319 1086 2359 anno
1098 2299 1182 2377 554,

72 2396 273 2462 'lastiniani
295 2397 448 2482 vigesimo
467 2406 597 2478 octavo,
618 2408 692 2482 post
708 2398 898 2462 horribilem
918 2406 1021 2462 terrac
1042 2405 1182 2473 motam,

134 2549 917 2675 titt?tlstittitii?‘'stittttttttllae
931 2547 1183 2691 llltttttt

166 2658 325 2744 vocatur'in
337 2639 501 2760 dnthologia
516 2692 643 2744 Palatina.
693 2751 695 2755 ¹
723 2693 753 2759 3)
770 2659 890 2744 Prooem-
907 2693 926 2743 λ.
947 2708 968 2744 c.
989 2719 1019 2732 ·-
1039 2690 1183 2758 Epigram-

167 2767 216 2813 ma
239 2759 379 2812 Michaelii
403 2761 476 2813 inter
497 2763 660 2815 testimonia.
729 2761 758 2830 ΙΙ)
774 2763 865 2831 Epigr;
885 2762 926 2828 43.
997 2761 1025 2830 5)
1045 2761 1078 2812 Εἰ
1100 2758 1181 2810 simul

170 2848 235 2881 cum
263 2837 338 2899 patre
361 2835 443 2900 atquc
471 2829 586 2900 Agathia
614 2831 696 2885 fratre
717 2839 831 2883 statuam
856 2838 1007 2900 posuerunt
1027 2828 1180 2896 Myrinsei:

169 2902 263 2969 Epigr.
285 2898 433 2951 Michaelii.
503 2901 532 2970 6)
552 2901 640 2970 Epigr.
653 2905 704 2955 153.
724 2900 765 2966 54
790 2906 791 2910 ’
836 2901 864 2968 7)
881 2901 969 2967 Epigr.
988 2901 1031 2952 36.

168 3040 193 3093 E
217 3039 224 3053 .
242 2969 416 3039 Δαφνιακῶν
430 2968 534 3037 βίβλων
547 2967 690 3040 ’Λγαθίου
707 2965 805 3027 ἓννεᾶς
822 2971 883 3038 εἰμι
893 2996 929 3006 ·-

216 3057 262 3090 rr.
300 3059 321 3092 a

180 3057 328 3161 Pg’Alld
347 3107 441 3180 πατήρ
459 3122 497 3180 με
511 3105 615 3171 πόληος
626 3105 779 3168 ἐναλλάξας
793 3106 938 3174 ’Arctior
952 3100 979 3145 ’ν

126 3220 127 3223 ,
165 3179 253 3232 Hand
271 3181 350 3232 aliter
369 3182 398 3232 in
416 3181 496 3233 Latio
512 3178 673 3233 Prudentius
690 3177 893 3250 Asclepiadem,
917 3176 1045 3229 Sidonius
1063 3176 1180 3245 Euripi-

66 3317 71 3319 α
167 3247 243 3312 dam,
253 3249 540 3321 penultimaproducta
547 3258 710 3320 posuerunt:
726 3248 779 3312 hic,
789 3266 867 3302 carm.
877 3248 922 3300 1x.
932 3250 989 3302 231.
1009 3248 1181 3302 Orchestram
1224 3316 1226 3319 p

167 3321 265 3390 quatit
281 3311 354 3372 al'ter
368 3318 536 3389 Euripides,
568 3319 617 3371 ille
634 3319 782 3389 Peristeph.
806 3321 838 3372 X.
863 3318 906 3386 dn·
940 3315 1116 3388 Asclepiades
1138 3319 1181 3371 ire

167 3387 287 3440 mandat
304 3391 417 3442 milites:
434 3389 466 3440 cf.
482 3389 550 3442 ibid.
573 3391 628 3442 108.
644 3391 702 3459 392.
716 3390 774 3456 54⁸.
795 3392 855 3458 687.
868 3405 927 3458 921.
964 3388 1075 3439 Scilicet
1090 3387 1182 3438 cuncti

167 3461 226 3511 ista
245 3461 282 3510 ita
298 3459 490 3528 proferebant,
517 3468 546 3512 at
564 3460 755 3522 Antiochiam,
779 3456 995 3518 Alexandriam,
1026 3457 1179 3516 Basiliam,

168 3529 267 3580 eadem
280 3529 384 3595 syllaba
404 3535 535 3598 correpta.
569 3528 658 3597 Atque
671 3531 701 3580 in
711 3530 865 3584 universum
875 3527 1023 3579 tenendum
1035 3536 1084 3589 est,
1103 3542 1180 3594 grae-

170 3617 204 3651 ca
222 3597 420 3668 pronuntiandi
437 3601 584 3661 rationem,
606 3614 687 3668 quam
702 3600 831 3668 permulti
851 3601 923 3650 inter
941 3605 1072 3650 nostrates
1088 3595 1179 3646 medio

167 3669 246 3740 quod
267 3677 363 3720 vocant
386 3684 451 3719 aevo
476 3667 569 3720 adulto
597 3677 682 3719 ortam
700 3684 757 3720 esse
780 3666 965 3729 contendunt,
992 3682 1061 3737 quae
1078 3672 1181 3727 tamem

165 3747 203 3791 ut
218 3756 251 3790 ex
264 3738 447 3790 voluminibus
461 3736 608 3790 chartaceis
622 3747 651 3789 et
669 3739 893 3807 inscriptionibus
910 3736 991 3805 pictis
1007 3743 1123 3799 constat,
1150 3736 1181 3787 in

166 3810 293 3878 Aegypto
310 3808 361 3859 sub
371 3808 529 3860 Caesaribus
543 3815 653 3875 recepta
667 3816 733 3870 erat,
751 3817 879 3878 regnante
889 3807 1038 3858 Iustiniano
1055 3821 1112 3856 non
1127 3804 1181 3856 ali-

163 3888 212 3932 ter
230 3895 312 3949 quam
333 3878 383 3930 sub
403 3877 567 3960 Palacolopis
591 3877 828 3948 Constantinopoli
854 3875 1012 3928 obtinuisse.
1050 3874 1108 3927 Hoc
1131 3874 1181 3944 qui

167 3948 341 4020 perspexerit
355 3948 434 4000 facile
455 3949 591 4015 intelliget
611 3947 750 4016 Agathiam
779 3955 902 3999 nostrum
925 3939 1076 4015 xsporatc
1092 3943 1180 4013 prima

168 4019 295 4087 correpta
305 4019 449 4086 protulisse
457 4056 465 4082 ,
485 4016 735 4087 repudiandamquc
751 4035 808 4070 esse
821 4018 1002 4069 coniecturam
1013 4029 1081 4084 quse
1094 4013 1176 4083 epigr.

169 4105 231 4148 roo.
249 4089 525 4168 στῆσανξΧαιρωνεῡ
539 4103 587 4157 pro
604 4086 742 4152 στήσαντο
762 4088 895 4158 Χερωνεῦ
904 4085 987 4139 scribi
1000 4079 1086 4138 iube't.
