2738 4816
374 264 409 333 B,
431 270 622 336 VULCANH
642 273 845 339 EPISTULA.
1034 280 1144 343 xxvu

98 426 204 486 rentur?
241 425 462 508 „Quantopere
485 445 562 487 vero
589 447 643 488 eos
667 425 892 490 contaminarit
910 435 1006 512 atquc
1022 431 1146 515 pollue·

98 523 134 584 rit
145 544 228 586 crassa
244 525 478 586 nonnullorum
494 514 704 609 interpretum
722 527 861 607 inscitia,
879 549 973 615 nemo
987 539 1035 593 est
1048 531 1146 594 etiam

96 620 162 680 inira
176 621 418 686 mediocritatem
435 623 548 686 doctus
562 624 626 709 'qui
647 627 790 698 nesciat3
818 627 969 711 sensique
987 629 1056 713 ipse
1069 651 1145 692 cum

98 718 126 778 in
145 719 324 784 aliis'muitis
347 723 555 803 authoribus,
590 734 660 787 tum
679 746 757 787 vero
780 725 954 811 praecipue
976 727 1009 788 iu
1028 727 1147 811 Cyriili

96 820 278 884 Alexandrini
303 822 492 902 Thesauro,
522 832 554 886 et
573 822 693 886 divinis
711 824 776 888 illis
795 825 836 888 de
860 825 1018 888 Trinitate
1038 825 1143 898 libris,

97 921 241 1004 inquibus
267 921 352 982 nihil
375 922 444 984 fere
473 944 612 1006 agnosco
632 924 746 1008 cyrilti
770 935 898 1009 praeter
915 925 1039 986 nudum
1056 924 1146 988 iliius

97 1029 200 1082 nonen.
247 1022 340 1084 Hauc
356 1022 464 1105 itaque
480 1024 651 1107 Spartam,
679 1024 775 1085 ut‘ita
795 1024 918 1104 dicam,
942 1024 1144 1108 linguarium,

98 1119 149 1182 hoc
167 1129 204 1183 est
222 1120 454 1206 interpretandi
469 1125 609 1185 Graecos
633 1124 781 1187 authores
804 1134 837 1187 ct
858 1125 890 1185 in
909 1125 1055 1186 Latinam
1079 1124 1144 1185 iin-

97 1239 172 1300 guam
187 1221 387 1283 convertendi
404 1221 580 1298 rationem,
607 1223 712 1286 veluti
729 1223 824 1307 genio
842 1234 1039 1307 naturaeque
1056 1244 1146 1286 meae

97 1317 361 1382 convenientiorem
383 1321 483 1384 semel
503 1323 678 1405 amplexus,
701 1322 776 1385 dedi
798 1343 926 1406 operam
939 1323 1094 1385 hactenus
1110 1330 1147 1386 ut

97 1434 144 1494 pro
156 1416 227 1477 virili
238 1438 401 1492 ornarem;
424 1422 598 1503 etquidem
616 1441 681 1482 non
698 1442 800 1504 pauca
816 1430 958 1482 veterum
975 1421 1148 1483 authorum

97 1511 271 1599 Theologica,
292 1517 531 1602 Philosophica,
552 1519 709 1581 Historica
723 1519 917 1601 Poeticaque
938 1518 1056 1601 scripta
1075 1539 1146 1602 par·

97 1609 143 1672 tin
154 1623 228 1677 antea
244 1638 310 1678 non
335 1619 421 1682 edita
436 1619 551 1680 Latine
567 1618 671 1696 verti,
693 1618 808 1704 partim
824 1619 909 1680 edita
925 1618 1069 1701 quidem,
1090 1616 1149 1680 sed

98 1707 135 1768 ita
154 1721 181 1773 ut
201 1709 376 1789 ἄνεκδότοις
400 1715 560 1797 ἐναλίγκια
584 1716 698 1778 merito
724 1716 849 1780 censeri
876 1727 1023 1802 possent,
1062 1737 1149 1779 nora

99 1806 332 1894 interpretatione
349 1815 467 1878 donavi
477 1863 488 1895 ,
522 1815 722 1900 noulcxiguo
744 1815 791 1877 uti
810 1838 905 1900 spero
923 1818 972 1879 rei
988 1815 1151 1878 liturarios

97 1904 173 1978 bono,
189 1914 327 1978 Tametsi
347 1936 385 1977 ex
408 1913 448 1978 iis
466 1916 644 1998 quaedam,
667 1916 857 2000 nescioquo
878 1915 963 1977 malo
981 1915 1066 1993 sato,
1085 1935 1150 1975 ma·

97 1998 147 2087 'guo
158 2023 230 2075 certe
245 2008 318 2093 meo
335 2000 557 2093 cumdolore,
580 2035 685 2098 neque
703 2016 829 2078 minore
850 2037 925 2077 cum
943 2013 1151 2083 incommodo

97 2105 215 2191 publico,
244 2135 433 2196 summoque
453 2115 630 2177 maltorum
647 2115 904 2178 doctissimorum
924 2113 1066 2176 virorum
1089 2113 1150 2176 de·

97 2202 198 2287 siderio,
218 2221 301 2275 totos
321 2214 382 2274 iam
403 2213 588 2296 quindecim
607 2236 708 2276 anuos
721 2215 805 2298 apud
824 2214 1074 2299 Typographum
1093 2212 1150 2274 eui
1179 2270 1182 2278 .

97 2321 126 2362 tn
143 2313 316 2375 excudenda
340 2313 487 2376 dederam
504 2314 647 2376 haerent.
695 2316 790 2377 Nunc
814 2336 893 2376 vero
909 2314 1076 2398 Agathiam
1096 2312 1151 2376 hi·¹
1183 2365 1185 2371 .

96 2405 219 2480 doricum
234 2413 391 2497 optimum
411 2413 467 2497 qui
485 2414 655 2476 Iustiniani
675 2413 877 2498 imperatoris
896 2434 947 2474 res
967 2418 1152 2496 gentuspost

97 2498 261 2595 Procopium
283 2511 522 2576 Caesariensem
544 2525 592 2576 est
615 2523 846 2599 persequutus,
874 2515 996 2575 Graece
1014 2509 1152 2574 antehac

95 2617 231 2692 nunquam
250 2612 335 2698 typis
351 2613 483 2692 editum,
504 2613 538 2674 in
551 2614 657 2678 lucem
675 2614 803 2696 emitt03
816 2612 995 2695 Agathiam,
1008 2611 1151 2693 inquam,

94 2698 178 2771 viram
195 2735 271 2776 suae·
292 2713 401 2775 aetatis
420 2713 654 2792 doctissimum,
683 2714 805 2797 quique
829 2733 913 2773 unus
933 2711 1024 2772 illam
1041 2704 1153 2788 διζυγα

93 2793 204 2890 cicalae,
223 2812 288 2873 hoe
300 2823 348 2876 est
359 2814 511 2876 Poeticeu
526 2832 600 2876 curn
612 2813 771 2892 Oratoria,
786 2812 829 2872 ita
847 2810 1028 2887 coniunxit,
1043 2818 1081 2870 ut
1095 2808 1153 2871 du·

93 2893 216 2974 bimait
234 2912 268 2973 in
283 2919 355 2973 utra
373 2915 471 2996 magis
487 2907 693 2982 ex'celluerit3
710 2911 744 2971 i'n
757 2920 893 2993 utraque
912 2916 998 2970 certe
1012 2928 1078 2968 non
1090 2905 1153 2966 du·

92 2991 160 3065 biam
174 3009 210 3073 de
230 3010 381 3074 omnibus
399 3011 449 3072 sui
465 3011 535 3072 aeri
554 3008 763 3093 scriptoribus
784 3005 951 3069 victoriam
968 3003 1153 3090 reportarit.

92 3088 202 3174 Ecuiui
227 3110 370 3173 editione
383 3109 556 3194 plurimum
571 3119 604 3171 et
624 3107 784 3171 Historiae
807 3114 840 3169 et
856 3108 997 3186 Graecae
1020 3104 1151 3187 linguae

91 3190 261 3272 inerementi
279 3209 525 3292 ornamentique
539 3218 587 3271 cst
605 3228 816 3273 accessurum.
839 3209 948 3286 Quum
962 3205 1048 3268 euim
1067 3204 1154 3267 varia

91 3305 319 3392 gravissimaque
339 3309 425 3372 bella
443 3309 597 3372 adversus
617 3305 879 3393 populosissimas
903 3304 1154 3388 potentissimas·

90 3413 140 3472 ‘1¹¹0
156 3409 307 3488 nationes,
316 3410 458 3472 Francos
475 3405 951 3488 seilicet,Gotthos,Vandaios‚
961 3406 1109 3485 Hannon,
1121 3411 1154 3466 et

89 3490 179 3569 Persas
191 3519 279 3592 gesta
289 3508 448 3571 describat
457 3535 465 3580 3
487 3518 554 3569 tum
567 3517 643 3570 vero
658 3508 698 3570 de
710 3528 820 3591 eorum
837 3505 980 3592 moribus
995 3514 1090 3588 atque
1106 3503 1155 3565 in·

90 3590 204 3686 tiitutia,
237 3629 275 3668 ac
298 3607 470 3691 praecipue
492 3608 531 3671 de
552 3608 756 3671 Persicorum
773 3626 884 3688 regum
907 3602 1155 3687 genealogicae

90 3694 194 3785 politia,
213 3706 315 3768 multa
329 3707 648 3777 commemoretseitu
668 3705 853 3790 dignissima
873 3725 961 3787 quae
971 3701 1055 3785 apud
1073 3698 1154 3765 elios

91 3797 239 3884 scriptores
263 3827 421 3889 nusquam
441 3807 653 3891 reperiantur.
704 3806 804 3868 Stilus
824 3806 891 3891 ipse
911 3802 1007 3886 plane
1030 3807 1079 3862 est
1097 3798 1155 3867 tio·
1176 3839 1180 3852 ι

92 3890 170 3963 ridus
189 3914 284 3988 atque
308 3927 482 3985 amoenus,
503 3906 612 3969 uiuitis
632 3908 864 3970 sententiarum
882 3900 1057 3963 luminibus
1080 3898 1155 3962 illua
1236 3913 1239 3920 '

92 3998 197 4072 stratus.
241 4004 358 4068 Verbis
385 4028 459 4068 vero
478 4005 579 4068 utitur
601 4005 834 4082 minutissimis,
869 4012 901 4064 et
927 4002 1116 4083 frequenter
1137 4020 1157 4062 e

84 4105 237 4169 ,conmuni
258 4128 319 4168 usu
340 4128 377 4168 uc
390 4105 625 4189 significatione
642 4105 788 4175 remotis;
811 4102 891 4166 adeo
904 4111 939 4162 ut
952 4100 1067 4162 Suidas
1083 4097 1156 4161 diti-

95 4209 158 4273 gflus
174 4204 414 4290 glossographus
439 4206 633 4292 potissimam
655 4203 766 4272 Lexiei
784 4203 833 4265 sai
853 4210 976 4287 partem
997 4220 1038 4262 ex
1059 4195 1156 4258 huius
