2730 4816
223 236 277 324 80
375 302 380 313 .
567 302 571 310 .
658 260 865 328 selinus
931 249 946 260 ”

75 433 107 489 Δ.
121 429 150 482 C.
160 419 387 486 553άιέταττεν.
415 416 445 483 ot
457 420 516 501 μὲν
531 408 586 481 οὖν
603 415 705 493 ἱππεῖς
721 400 914 502 ἑκατέραθιν
933 410 987 479 ἐπὶ
1001 414 1062 479 τεόν
1081 404 1185 498 άκρων
1201 410 1307 476 ἐτετά-

114 504 134 554 Ῑ·
148 503 169 554 ¹·
184 519 318 599 27χατο,
346 518 474 602 δοράτια
494 518 640 603 φέροντες
669 514 724 579 καί
741 506 880 600 ζπέλτας,
916 509 992 592 τόξα
1012 535 1045 577 τε
1065 510 1121 576 καὶ
1143 514 1219 596 ’ξάρη
1245 534 1307 572 πα-

223 608 422 702 ρηονρημὲνα·
447 608 531 700 ἦσαν
555 617 590 680 δὲ
606 613 714 680 olant*
727 617 883 702 σαριόσας
897 614 1057 698 ἐκράτουν.
1088 605 1182 686 αι’πάς
1201 611 1239 672 δὲ
1256 607 1310 673 ἐπὶ

222 716 281 778 τοά
299 716 402 793 δεξιοῦ
415 717 516 800 κέρως
532 712 676 797 εἱστήκει.
717 714 883 788 Ζανδαλάς
900 734 944 792 τε,
967 710 984 775 ὁ
1005 713 1067 776 τῶν
1092 703 1224 795 &nadair
1239 711 1309 773 ἐπι·

223 812 346 897 στάτης,
366 816 421 877 τοά
440 815 620 899 τεθητικοά
637 812 692 877 καί
706 813 856 877 οἰκετικοῦ
870 809 982 876 ὁπόσον
1004 810 1061 874 oda
1085 804 1240 901 άπόλεμον
1259 799 1328 892 ἦνῤ

223 909 301 976 άλλά
319 908 373 976 καὶ
393 913 459 976 oilie
481 915 633 998 παρῆσαν.
661 911 715 976 ἐπὶ
729 913 845 997 θάτερα
880 912 916 976 di
947 909 977 973 οἱ
1009 907 1095 995 άμφί
1114 904 1311 994 Βαλεριανόν

221 1033 257 1074 τε
287 1008 341 1075 καὶ
368 1003 584 1097 Ἀρταβάνην,
620 1013 883 1098 προστεταγμένον
913 1009 1021 1084 αὐτοῖς
1052 1007 1312 1094 άποκρόπτεσθαι

195 1107 303 1197 Danda
321 1108 427 1196 βραχά
451 1105 510 1175 άνά
526 1108 565 1174 τά
579 1112 675 1174 λάσια
689 1111 744 1194 τῆς
764 1110 882 1194 νάπης,
903 1108 957 1173 καί
970 1105 1098 1172 ἐπειδάν
1118 1102 1312 1197 εἰσβάλλοιεν

230 1208 259 1273 οἱ
277 1209 437 1292 πολέμιοι,
465 1209 536 1273 τότε
560 1208 598 1294 θη
619 1204 734 1294 άθρόον
749 1203 857 1284 αάτοῖς
880 1209 915 1271 ἐκ
938 1208 997 1270 τοῦ
1013 1199 1155 1293 άφανοάς
1177 1204 1311 1283 ἐπιέναι,

227 1307 282 1372 και*
295 1298 491 1394 άμφιβόλοος
504 1313 673 1373 ποιεῖσθαι.
697 1302 821 1373 άπασαν
837 1309 873 1371 δὲ
887 1307 944 1393 την
961 1302 1079 1388 μεταξά
1096 1301 1206 1390 χώραν
1222 1297 1240 1366 ὃ
1255 1319 1348 1368 πε-ιο

118 1413 120 1417 ’
147 1405 178 1458 V·
189 1405 279 1486 32ζός
294 1402 387 1490 εἶχεν.
415 1404 592 1495 ἔμπροσθεν
606 1411 664 1491 μὲν
680 1406 740 1494 γάρ
758 1404 811 1472 ἐπὶ
821 1407 878 1471 τοῦ
892 1407 1038 1488 μετώπου
1054 1403 1083 1468 οἱ
1093 1398 1313 1490 πρωτοστάται

228 1504 379 1597 θώρακας
392 1507 537 1598 ποδήρεις
551 1509 701 1591 ε’νειμένοι
717 1505 771 1571 καί
785 1504 884 1594 κράνη
901 1506 1122 1592 καρτερώτατα
1131 1496 1194 1567 τόν
1208 1527 1313 1567 σανα-

226 1602 362 1687 σπισμόν
372 1606 562 1690 ἐπεποιηντο·
576 1601 646 1690 ἑξῆς
655 1609 691 1672 δὲ
702 1604 730 1671 οἱ
741 1600 831 1695 άλλοι
848 1609 881 1682 ἐς
888 1606 987 1688 βάθος
995 1598 1312 1688 άλλῆλοιςάνέκειντο,

227 1706 287 1780 ἕως
304 1706 348 1779 εἰς
367 1698 614 1790 τοάςόάραγοάς
633 1705 650 1767 ό
660 1704 866 1789 ξολλοχισμός
883 1698 1039 1769 ἐτελεύτα·
1061 1700 1097 1765 τά
1115 1702 1151 1764 δὲ
1169 1697 1268 1783 ψιλόν
1276 1693 1313 1764 ά-

227 1825 291 1865 παν
305 1800 359 1864 καὶ
368 1796 524 1884 ἑκηβόλον,
533 1795 663 1866 ὄπισθεν
679 1801 819 1888 περιέθει
831 1801 886 1866 καί
892 1796 1038 1882 α’νέμενεν
1055 1797 1235 1886 τόνκοιιρόν,
1244 1795 1348 1882 ascire

226 1926 264 1964 κα
278 1895 621 1986 ὁέὀιάπροβολίζεσθαι.
632 1896 813 1988 άπειιὲκριτο
829 1904 865 1966 δὲ
882 1899 976 1977 τόπος
993 1908 1058 1977 τοῖς
1073 1895 1241 1986 Ἐρσάλοις,
1258 1900 1314 1981 τῆς

148 1998 383 2086 Ρ.οοφάλαγγος
405 1997 439 2063 τό
459 2001 666 2083 μεσαίτατον,
699 2000 754 2064 καί
773 1995 814 2085 ἦν
836 1999 885 2065 ἔτι
900 1998 1016 2083 κενός,
1035 1994 1071 2065 od
1089 1999 1147 2086 γάρ
1168 2025 1218 2064 πω
1234 2003 1314 2064 ἐκεῖ·

211 2124 273 2164 νοι
296 2101 450 2184 παρῆσαν.
478 2102 521 2164 ἐν
535 2100 634 2190 τοάτηι
655 2103 692 2164 δὲ
716 2093 830 2188 άνιλρες
849 2102 907 2165 δύο
933 2102 996 2165 τάν
1024 2101 1195 2187 Ἕροάλων,
1224 2097 1314 2182 ἑτάρη

162 2217 168 2222 “
223 2223 323 2283 »χανον
343 2197 401 2285 γάρ
422 2191 485 2283 ἤδη
502 2191 746 2286 ηάτομοληκότες
762 2202 847 2287 παρά
869 2197 944 2278 τούς
960 2200 1128 2280 πολεμίους
1145 2197 1239 2288 ὀλίγην
1259 2198 1314 2280 ἔμ-

226 2303 381 2385 προσθεν,
411 2295 453 2374 σός
470 2298 526 2363 καί
540 2293 659 2384 άγνοεῖν
681 2297 719 2386 δή
736 2323 796 2364 που
819 2298 860 2366 τά
878 2296 1012 2387 ὕστερον
1024 2296 1073 2386 τῷ
1089 2298 1245 2364 Σίνάοοαλ
1261 2303 1348 2381 tte-m

300 2455 323 2489 ι.
342 2433 490 2504 ἐτετάχατο
512 2437 558 2498 lt,
578 2433 713 2504 astrigero
734 2439 803 2507 vulg.
880 2438 904 2488 6.
926 2437 975 2488 Pro
994 2435 1061 2487 otu.
1083 2435 1139 2486 aut.
1210 2432 1235 2493 8,
1255 2434 1316 2483 εἰσ-

298 2504 428 2573 βάλλοιεν
450 2508 497 2569 R„
516 2506 674 2632 εἰοράλοιεν
686 2508 756 2576 vulg.
797 2527 833 2562 ιι.
854 2506 1012 2578 alaaddll.
1059 2507 1179 2576 ἐπιμετ.
1194 2506 1224 2557 R.
1255 2505 1316 2556 Post

299 2577 500 2646 πρωτοστάται
523 2579 556 2631 ad
578 2583 600 2632 it
619 2580 701 2648 Intpr.
721 2579 820 2648 quibus
839 2577 878 2630 ad
899 2577 998 2631 bellum
1018 2591 1080 2632 erat
1107 2595 1167 2630 cum
1186 2577 1316 2637 nonanis

300 2646 374 2699 inita
388 2649 512 2701 sociatas·
598 2668 636 2703 12.
654 2650 797 2721 ἐνειμένοι
815 2649 902 2717 Lugd.
913 2666 963 2717 mg.
981 2647 1052 2769 ρβλ),
1068 2647 1138 2717 vulg.
1153 2647 1316 2716 ἐναμμένοι,

226 2741 228 2743 ·
297 2718 449 2769 R.corr.in
463 2736 513 2788 mg,
529 2718 671 2790 ἒνημένοι.
734 2724 772 2774 ι3.
788 2721 927 2774 ἐνέκειντο
941 2720 970 2769 Β.
997 2719 1075 2788 ogd,
1092 2719 1239 2770 ἀνέκειντο
1255 2715 1314 2768 edd.

298 2787 336 2854 τά.
357 2784 499 2858 ον’ραγοιλς
517 2791 562 2852 Β,,
580 2793 662 2859 Intpr.
679 2789 719 2843 ad
738 2805 887 2861 postremos
902 2807 1008 2863 usque,
1026 2790 1096 2858 vulg.
1114 2784 1232 2858 οἷγροάς.
1300 2783 1315 2837 ό

296 2855 485 2930 ξολλοχισμός
507 2859 568 2912 add.
591 2864 636 2925 Pu,
658 2863 741 2930 Intpr.
767 2880 865 2932 agmen
889 2860 1076 2922 claudebatur.
1168 2863 1208 2912 16.
1228 2857 1315 2914 τόπος

294 2946 317 2981 τ.
333 2929 388 3000 Ἑρ.
399 2931 439 2994 Pu,
451 2937 510 2990 τοῖς
525 2931 578 3003 Ἑρ.
588 2934 687 3002 nvulg.
728 2934 766 2986 18.
776 2931 864 2987 du'oR.
876 2932 970 3002 Luget,
980 2929 1108 2997 ddaedd.
1128 2926 1315 3001 παῦοτεραΒ.

229 3054 287 3100 erat
304 3049 455 3118 proelium,
481 3053 572 3103 statim
586 3051 733 3104 exereitum
747 3052 776 3102 in
796 3051 958 3122 phalangem
974 3050 1103 3104 instruxit
1121 3057 1202 3119 atque
1223 3049 1315 3118 dispo-

228 3119 298 3183 suit3
318 3129 400 3189 atque
419 3121 524 3190 equites
540 3122 649 3192 quidem
665 3124 794 3192 utrinque
812 3123 846 3174 ad
861 3123 916 3182 alas
929 3131 1007 3176 erant
1020 3121 1163 3182 collocati,
1181 3118 1274 3172 hastas
1289 3125 1317 3169 et

229 3188 316 3256 peltas
333 3198 480 3257 gestantes,
500 3211 575 3244 arceis
595 3195 676 3244 etiam
699 3201 727 3245 et
740 3210 816 3244 enses
835 3208 978 3263 appensos,
991 3192 1119 3242 nonnulli
1132 3191 1215 3243 etiam
1236 3190 1316 3242 saris-

230 3273 272 3307 sas
292 3256 437 3316 habentes.
472 3263 567 3314 Narses
585 3264 690 3317 veroin
708 3263 802 3314 dextro
823 3280 905 3315 cornu
920 3262 1053 3323 constitit.
1088 3261 1217 3312 Zandalas
1234 3262 1317 3312 etiam

231 3326 352 3381 familiae
366 3330 493 3399 magister
507 3340 536 3385 et
573 3343 690 3404 uotquot
711 3351 744 3384 ex
760 3334 841 3384 servis
859 3342 887 3385 et
899 3331 1051 3384 domesticis
1068 3331 1141 3382 bello
1160 3349 1216 3383 non
1230 3325 1317 3398 inepti

232 3406 327 3460 erant,
358 3399 510 3454 adstabant.
552 3352 593 3454 ib
612 3415 728 3473 utroque
751 3419 815 3453 vero
834 3404 919 3455 latere
941 3403 1100 3455 Valerianus
1120 3408 1147 3452 et
1164 3401 1316 3453 Artabanes

233 3483 293 3519 cum
308 3468 362 3520 suis
381 3472 481 3536 copiis,
501 3472 597 3544 quibus
616 3473 773 3525 mandatum
787 3481 862 3536 erat,
882 3480 913 3524 ut
932 3472 1059 3524 nonnihil
1077 3471 1146 3523 cirea
1162 3470 1317 3523 densiorem

233 3539 329 3590 silvam
349 3540 478 3611 laterent5
505 3562 619 3614 cumque
636 3544 728 3596 hostes
753 3545 885 3610 impetum
903 3543 1039 3607 facerent,
1061 3542 1205 3593 confestim
1223 3543 1254 3593 in
1271 3557 1317 3592 eos

234 3626 268 3660 ex
282 3611 389 3662 occulto
405 3613 543 3666 irruerent
558 3617 687 3685 omnique
709 3631 743 3664 er
760 3621 838 3680 parte
858 3620 1019 3682 premerent.
1061 3613 1176 3664 Omnem
1192 3629 1257 3663 vero
1275 3611 1318 3662 lo-

233 3697 294 3730 cum
312 3682 505 3736 intermedium
525 3684 631 3754 pedites
650 3682 820 3736 obtinebant.
862 3685 894 3734 ln
908 3683 967 3752 ipsa
985 3681 1058 3734 enim
1076 3683 1208 3734 exereitus
1227 3683 1317 3732 fronte

234 3753 405 3822 antesignani
425 3755 522 3807 loricas
542 3754 577 3806 ad
600 3754 682 3823 pedes
705 3770 791 3822 usque
810 3751 938 3804 demissas
956 3750 1063 3816 induti,
1085 3751 1317 3820 validissimasque

235 3819 322 3886 galeas
344 3831 498 3892 gestantes,
524 3823 689 3877 testudinem
708 3823 840 3888 fecerant3
868 3830 931 3892 post
951 3822 1001 3873 hos
1021 3840 1085 3875 vero
1108 3823 1154 3874 alii
1173 3823 1256 3874 densa
1273 3821 1318 3873 in-

234 3897 276 3939 ter
295 3908 322 3942 se
342 3894 410 3944 serie
431 3895 554 3958 stabant,
578 3894 607 3944 in
632 3911 707 3964 agros
726 3911 812 3962 usque
835 3893 998 3946 desinentes.
1045 3893 1174 3944 Universa
1190 3909 1255 3944 vero
1275 3892 1318 3942 le-

233 3958 273 4008 vis
288 3972 432 4027 armatura,
451 3965 637 4034 sagittariique
654 3974 682 4029 et
699 3963 851 4014 funditores
872 3981 887 4013 a
906 3972 947 4015 ter
965 3982 980 4015 ο
999 3972 1076 4015 erant
1087 3964 1229 4025 collocati,
1248 3960 1318 4014 veli-

234 4031 311 4080 tandi
326 4041 432 4101 tempus
449 4038 610 4105 operientes.
647 4033 754 4085 Herulis
775 4050 838 4085 vero
857 4032 886 4084 in
903 3981 993 4086 medio
1011 4036 1095 4086 totius
1116 4032 1227 4102 agminis
1242 4033 1319 4085 loeus

237 4109 292 4151 erat
307 4100 479 4171 designatum
501 4121 590 4175 neque
607 4105 678 4154 enim
696 4103 784 4154 adhue
801 4103 843 4153 illi
859 4103 1031 4167 advenerant.
1074 4105 1180 4154 Interea
1194 4102 1248 4154 duo
1262 4103 1318 4152 lle·-

236 4171 302 4234 ruli,
321 4171 366 4244 qui
382 4174 463 4243 paulo
484 4184 546 4230 ante
562 4175 597 4228 ad
611 4172 702 4229 hostes
718 4174 882 4238 defecerant,
902 4173 969 4228 adeo
983 4183 1014 4228 ut
1026 4173 1092 4246 quid
1101 4181 1195 4245 postea
1211 4171 1319 4227 consilli
