2730 4816
222 217 278 303 68
656 229 884 299 scimus.
950 225 984 277 11
1056 206 1058 210 '

76 418 146 474 nic.
163 398 362 475 553πσάιντες
372 395 546 480 διεχρῶντο.
557 387 634 455 ἔνιοι
645 389 680 453 δὲ
691 387 793 452 αὐτῶν
802 381 880 468 ὑπὲρ
894 379 930 446 τό
947 376 1123 464 κρημνῶδες
1136 364 1316 459 saisiriaci:

110 491 131 544 ¹·
144 489 166 544 ¹·
178 501 211 560 2⁴7*
223 494 320 585 ῥωγὰς
344 496 397 580 τῆς
409 489 523 578 ἠἰόνος
544 488 731 569 ἀναβάντες,
763 479 870 548 ἔπειτα
896 475 975 564 κατὰ
991 478 1047 542 τού
1067 475 1204 558 πρανοῦς
1226 472 1308 536 ὑπο-

221 597 397 685 φερόμενοι,
418 591 518 667 τινες
537 586 593 672 τὴν
610 583 769 652 θάλατταν
795 576 958 664 κατωκάρα
975 576 1180 657 ἐκπίπτοντες,
1196 568 1309 636 ἀπτόλ-

219 703 327 774 λυντο,
356 685 587 778 ἐμφορούμενοι
607 685 662 748 τού
680 677 802 768 pedibu.
837 679 968 763 ἐπῆρται
990 672 1050 760 γάρ
1075 698 1142 748 πως
1166 671 1312 736 ἐνταῦθα

219 790 350 879 ἧάκτῆ,
370 791 425 853 κατ’
440 783 544 869 ὥσπερ
563 779 721 867 γεώλοφον
738 804 770 842 τι
789 778 944 856 ἀποτελεῖ,
975 775 1011 838 ού
1034 766 1233 852 πανταχόθεν
1246 771 1329 849 pia-5

218 890 270 959 τόν
294 914 327 955 τε
351 891 406 953 καί
427 886 614 969 ἐπιδρομον,
647 880 722 944 odd&
741 872 805 942 οἷον
825 883 888 950 τοῖς
912 877 962 940 ἐπ’
988 865 1087 958 άκρου
1113 871 1310 953 γιγνομένοις

218 989 364 1066 εὐκόλους
383 987 532 1071 παρέχειν
547 977 604 1056 τάς
619 977 797 1060 ἀναβάσεις,
813 975 882 1040 ἀλλ’
899 971 1077 1058 ὀλισθηρὸν,
1090 969 1133 1046 τός
1143 967 1183 1034 τά
1195 967 1309 1050 πολλὰ,

219 1093 273 1156 καί
289 1087 487 1173 σηραγγῶδες
502 1082 557 1145 καὶ
581 1082 614 1155 ἐς
628 1076 899 1160 τόβαδυνόμενον
920 1075 973 1158 τῆς
990 1074 1136 1157 ῥηγμῖνος
1150 1071 1310 1133 ἐπικεκλι-

194 1191 327 1271 opsloe
347 1181 428 1248 ούτω
446 1179 483 1265 δη
500 1171 556 1243 οὖν
574 1180 636 1243 τῶν
657 1174 811 1240 πλεόντων
826 1171 1114 1259 διαφθειρομένων,
1142 1166 1311 1252 καθορῶν·

217 1311 269 1362 τες
286 1282 315 1347 οἱ
334 1276 423 1346 άλλοι
435 1278 553 1365 ἔφυγον
566 1277 670 1340 ούδενί
682 1270 794 1360 κόσμφ,
804 1276 870 1359 Ὶβοῇ
886 1294 919 1335 τε
936 1268 993 1348 ξύν
1003 1271 1100 1355 πολλῇ
1113 1268 1169 1330 καί
1185 1267 1348 1350 οἰμωγῇισ

217 1381 282 1451 ἀνά
298 1379 333 1447 τό
351 1377 556 1465 στρατόπεδον
571 1370 771 1452 εἰσπεσόντες,
794 1369 935 1456 θορύβου
953 1370 1005 1431 κατ’
1019 1368 1159 1453 ταραχῆς
1178 1360 1310 1427 ἅπαντα

217 1482 372 1566 ἔπλησαν,
394 1478 437 1554 ὥς
448 1477 570 1541 ’.αύτάια
585 1470 672 1554 μάλα
688 1471 751 1536 τοῖν
773 1468 945 1551 Ῥωμαίων
963 1467 1223 1546 ἒπελευσομόνων.
1245 1461 1309 1525 αύ-

216 1579 270 1657 τός
295 1602 329 1644 τε
352 1577 390 1662 δι’]
409 1568 464 1642 ούν
484 1571 649 1658 Λεύόαρτς
669 1569 848 1635 όιανόστατο
873 1571 906 1644 ἐς
931 1564 1123 1651 παράταξιν,
1151 1564 1205 1627 καί
1220 1557 1308 1627 άπαν

215 1677 250 1744 τό
269 1678 450 1762 στράτευμα
468 1677 604 1738 ἐκινεῖτο·
633 1669 687 1734 καί
712 1670 836 1749 τοίνυν,
850 1661 1064 1748 ἀναλαβόντες
1085 1661 1125 1728 τά
1150 1657 1251 1744 όπλα,
1273 1662 1310 1736 ἐς

217 1773 360 1863 φάλαγγα
376 1773 578 1849 καθίσταντο,
599 1766 733 1851 βαθεῐάν
755 1791 789 1830 τε
812 1771 867 1830 καί
885 1768 1018 1847 ἐπιμόγα
1038 1764 1349 1848 παρατεταμένην.15

216 1876 251 1939 ἒν
274 1873 397 1946 τούτοις
420 1872 456 1934 δὲ
483 1869 585 1933 αὐτῶν
610 1865 843 1945 καταστάντων,
879 1867 933 1929 καί
955 1863 1049 1928 οάδὲν
1072 1861 1177 1926 ὁτιοῦν
1201 1860 1311 1936 αὐτοῖς

192 1975 322 2057 ,ἕτερον
338 1972 372 2035 ἐν
390 1970 431 2057 νῷ
448 1971 598 2032 τίθεσθαι
614 1967 804 2052 παρέχοντος
825 1965 881 2028 τού
894 1966 1013 2050 καιροῦ,
1036 1961 1066 2026 οἱ
1083 1968 1222 2026 πλεῖστοι
1243 1962 1310 2025 τῶν

216 2067 424 2151 αἰχμαλώτων
457 2065 635 2152 ἀφύλακτοι
665 2065 784 2148 ἀθρόον
810 2066 1023 2148 γεγενημένοι,
1064 2063 1247 2145 ἀπεχρῶντο
1272 2061 1310 2124 ἐν

217 2169 319 2232 δέοντι
332 2167 369 2253 τῇ
386 2166 449 2231 τῶν
462 2165 620 2245 πολεμίων
637 2164 779 2250 άσχυλίρι·
797 2164 893 2226 αότοί
907 2186 941 2224 τε
955 2159 1015 2247 γάρ
1031 2160 1075 2238 ὥς
1091 2157 1309 2242 τάχισταάιε-

219 2268 388 2352 δι’δρασκον
398 2316 408 2346 ,
431 2262 486 2327 κατ’
500 2266 563 2328 τῶν
580 2262 734 2348 λαφύρων
749 2260 850 2327 ὁπόσα
869 2256 933 2327 οἷόν
950 2285 984 2326 τε
1001 2253 1039 2347 ἦν
1061 2263 1095 2336 ἐς
1109 2257 1147 2324 τά
1168 2255 1347 2342 ἐχόμενατο

136 2388 161 2440 ν,
180 2363 358 2452 38φρούρια
379 2362 567 2444 διεκόμισαν.
1239 2422 1240 2425 ¹

131 2480 162 2534 V.
177 2482 210 2538 κδ
299 2462 336 2546 γ’·
353 2456 438 2525 ’End
453 2463 488 2525 δὲ
504 2456 700 2548 Ἀρταβάνης
717 2462 814 2530 τεκαί
822 2455 963 2548 Ούλδαχ,
979 2456 1074 2553 ρ’ἷοντο
1086 2451 1309 2546 γάρούκάξιό-

291 2578 411 2650 αηὸυίά.
431 2598 450 2632 s.
469 2596 492 2632 v.
514 2582 678 2651 κατακόροις
705 2583 736 2636 ἐκ
756 2587 809 2636 τοῦ
826 2586 955 2655 πρανοῦς
975 2581 1225 2653 ἀποφαινόμενοι,
1243 2596 1308 2630 mox

194 2687 201 2693 -
288 2650 483 2771 ηαπίτττοντες.
560 2656 584 2707 3.
603 2654 756 2707 θάλασσαν
774 2656 846 2726 vulg.
914 2659 939 2708 6.
959 2653 1118 2725 ἐπίδρομον
1134 2655 1181 2715 R.‚
1207 2647 1308 2701 εάετιί-

307 2736 398 2791 ρομον
421 2723 490 2792 vulg.
562 2743 586 2794 7.
607 2723 765 2792 ἀναβάσεις.
783 2727 866 2795 Intpr.
893 2725 1060 2787 descensum,
1084 2723 1166 2792 Lugd.
1185 2738 1236 2791 mg.
1267 2721 1307 2770 ἴσ.

287 2791 462 2860 καταβάσεις.
518 2813 555 2850 ιο.
580 2795 708 2866 ἔφευγον
726 2798 754 2847 R.
813 2815 849 2850 ιτ.
868 2793 971 2847 adnixu
987 2799 1044 2847 τῶν
1059 2794 1208 2863 Ῥωμαίων
1228 2788 1308 2862 μάλα

288 2862 316 2912 lt
388 2851 526 2931 αάτόςδὴ
546 2866 575 2917 ll.
652 2885 693 2945 nn.
715 2865 850 2934 Οδάλδαχ
872 2869 901 2918 ll.
943 2860 1001 2936 γάρ
1021 2864 1161 2918 inserit.

219 3026 279 3061 cum
302 3015 448 3079 praerupta
471 3009 572 3062 littoris
597 3011 756 3080 praecipitia
780 3011 1015 3075 conscendissent,
1038 3012 1068 3061 in
1084 3007 1188 3061 declive
1209 3006 1306 3069 delati,

218 3081 356 3149 pronique
374 3082 403 3130 iu
418 3097 491 3130 marc
506 3082 654 3149 provoluti,
677 3090 705 3132 et
725 3083 853 3151 procellis
871 3082 977 3151 abrepti
995 3083 1143 3152 perierunt.
1181 3075 1307 3145 Subrigit

220 3151 293 3200 enim
312 3165 340 3198 se
358 3149 556 3217 quodammodo
569 3168 600 3202 ea
614 3159 690 3221 parte
704 3153 801 3216 littus,
825 3160 852 3204 et
869 3153 955 3204 veluti
967 3154 1063 3203 collem
1080 3145 1215 3218 quendam
1230 3147 1307 3210 facit,

218 3236 276 3270 non
289 3221 363 3269 omni
381 3228 505 3287 exparte
522 3224 706 3274 accessibilem
726 3232 754 3274 et
772 3224 904 3293 pervium,
922 3225 1034 3291 quique,
1051 3220 1098 3269 ubi
1113 3220 1142 3268 iu
1161 3218 1218 3266 eius
1231 3235 1308 3268 sum-

219 3289 342 3339 mitatem
360 3295 470 3339 vcntum
488 3291 579 3352 fucrit,
600 3310 770 3362 nequaquam
784 3294 891 3343 facilem
912 3292 1043 3362 praebeat
1063 3289 1236 3348 descensum,
1256 3287 1306 3339 sed

220 3359 338 3409 maxima
360 3361 401 3409 sui
416 3366 492 3428 parte
507 3363 674 3430 praecipitiis
694 3363 728 3413 ad
742 3363 846 3432 lapsum
865 3362 1030 3431 proclivibus
1045 3368 1073 3410 ct
1091 3357 1231 3409 hiantibus
1251 3359 1304 3408 ob-

219 3431 347 3490 noxium,
367 3437 394 3480 et
411 3431 441 3481 iu
457 3432 664 3499 profundiorem
684 3435 763 3483 maris
783 3433 950 3500 crepidinem
969 3438 1132 3499 vergentem.
1169 3429 1223 3480 Alii
1248 3430 1303 3479 ita-

221 3516 275 3567 que
288 3500 497 3569 quamplurimos
512 3504 550 3553 ita
559 3511 704 3569 pereuntes
722 3504 888 3569 conspicati,
914 3502 1016 3571 absque
1036 3501 1095 3550 ullo
1111 3497 1206 3549 ordine
1222 3499 1303 3567 fuge-

222 3575 285 3620 runt
295 3608 303 3632 ,
322 3580 422 3623 etcum
437 3573 541 3640 ingenti
561 3573 675 3624 clamore
693 3581 775 3641 atque
790 3573 893 3623 eiulatu
914 3572 948 3624 ad
968 3572 1114 3624 exercitum
1131 3567 1214 3619 delati
1236 3585 1302 3636 per·

122 3636 130 3655 ⁶
221 3640 378 3694 turbatione
392 3649 420 3692 et
432 3643 550 3693 tumultu
568 3643 658 3692 omnia
678 3644 844 3708 implerunt,
862 3651 894 3694 ut
909 3645 1016 3694 iamiam
1037 3639 1226 3709 ingruentibus
1246 3641 1302 3690 Ro-

221 3711 316 3766 manis.
354 3709 496 3763 Leutharis
516 3728 580 3761 vero
599 3711 633 3762 ad
650 3713 786 3780 proelium
807 3730 836 3764 se
849 3730 1018 3782 comparans,
1035 3727 1141 3761 ornnem
1155 3708 1306 3760 exercitum

220 3781 355 3832 movebat.
392 3782 436 3832 Illi
449 3783 562 3849 arreptis
577 3783 656 3832 annis
673 3784 757 3832 aciem
774 3783 962 3840 instruebant,
986 3783 1096 3834 densam
1113 3783 1215 3848 pariter
1227 3788 1254 3830 et
1272 3779 1304 3829 in

220 3849 331 3919 longum
346 3859 507 3918 protensam.
546 3850 603 3903 Hoc
619 3868 681 3920 ergo
697 3861 775 3918 pacto
792 3855 946 3904 constitutis
965 3855 1042 3922 ipsis,
1061 3868 1150 3921 neque
1170 3852 1302 3914 opportu-

156 3954 159 3959 -
220 3921 299 3971 niore
318 3921 434 3972 consilio
454 3924 484 3973 in
503 3927 621 3973 mentem
641 3924 781 3984 veniente,
800 3924 911 3989 plurimi
930 3926 1029 3992 captivi
1054 3915 1212 3974 incustoditi
1236 3917 1303 3968 reli-

220 3989 269 4048 τά,
287 3989 407 4039 hostium
425 3991 602 4058 occupatione
621 4000 773 4059 opportuno
791 3995 850 4054 usi,
869 4010 948 4062 quarn
968 3992 1106 4047 celerrime
1124 3987 1302 4053 aufugerunt,

223 4065 252 4108 et
267 4057 400 4126 quicquid
416 4068 545 4125 poterant
562 4061 710 4126 spoliorum
727 4062 757 4111 in
775 4065 897 4128 proxima
916 4062 1024 4114 castolla
1039 4057 1244 4111 transtulerunt.
1303 4086 1305 4091 ,

266 4176 267 4179 ,
292 4127 316 4178 3.
355 4125 425 4180 Cum
437 4141 500 4180 vero
516 4128 666 4189 Artabanes
692 4130 773 4182 simul
793 4136 821 4182 et
839 4129 941 4184 Uldach
956 4133 1074 4201 impares
1094 4143 1152 4181 sese
1167 4127 1303 4181 vcommit-
