2760 4800
438 205 719 307 nsrornrnn
744 244 791 303 n.
822 246 871 312 υς.
1107 239 1180 296 aar

116 391 264 476 μετέθηκε
280 388 447 458 πολιτείαν.
474 385 557 456 otro
579 389 639 476 γάρ
655 382 693 475 ἢν
713 389 923 478 μεγαλουργός
938 391 971 466 tr
985 388 1024 457 τά
1037 391 1176 473 μάλιστα
1184 401 1314 472 mist

115 483 167 556 καί
191 488 419 572 άμαχιότατος,
454 486 515 571 ὥς,
533 487 650 578 ,ἐπειδὴ
671 489 767 556 αότόν
787 492 842 554 καί
863 484 1040 572 ἀποβιάναι
1063 493 1184 577 ξυνέβη,
1193 477 1213 534 ¹·
1224 477 1246 527 ¹¹·
1264 475 1299 528 ²⁸

50 618 59 625 ·
112 583 199 669 ,ὅμως
216 585 291 665 τοός
312 590 429 654 ἐκείνου
446 589 626 672 διαδόχους,
647 586 836 664 Μακεδόνας
846 611 885 671 γε,
898 579 1006 672 ὄντας,
1021 576 1211 673 sarculatio

115 686 309 752 ἕπιπλιῖστον
326 689 383 771 τῆς
407 682 584 772 ἀλλοδαπῆς
604 690 659 752 καί
683 686 822 768 diretta
860 689 914 753 καί
927 689 982 753 ἐπί
997 689 1079 771 μίγα
1094 685 1189 753 δυνά·
1229 762 1230 766 ¹

65 793 196 863 flator
216 786 400 872 ἀφικέσθαι.
419 785 474 851 καί
487 783 575 869 οἶμαι
591 777 614 851 ἀ
612 812 670 873 χρυ
686 784 741 850 καί
759 789 792 861 ἐς
806 782 878 851 τάδε
893 788 950 851 rori
961 787 1072 871 καιροῦ
1089 780 1189 870 ἦρχον
1234 868 1240 873 ,

116 875 149 948 άν
166 884 224 951 καί
242 884 452 971 ἐπεκράτουν,
473 889 510 974 τῇ
528 889 585 952 τοῦ
600 887 735 951 οἰκιστοῦ
749 884 973 971 κρατυνόμενοι
990 882 1080 970 δόξῃ,
1100 886 1130 949 εί
1143 883 1188 969 μὴ

115 983 143 1058 ἔς
161 978 317 1069 ἀλλήλους
336 983 569 1066 στασιάσαντες,
589 989 644 1050 καί
657 980 747 1066 θαμά
759 984 843 1049 κατά
855 1007 890 1048 τε
907 987 997 1070 σφάν
1007 979 1121 1049 ,αότάν
1137 980 1192 1047 καί

113 1081 192 1170 πρός
216 1070 400 1163 Ῥαμαίους
425 1082 689 1170 παραταξάμενοι,
719 1087 775 1150 sot
797 1083 936 1160 πλείονος
957 1086 1064 1165 ἕκατι,
1086 1085 1190 1149 διέλυ-

110 1202 168 1247 σαν
192 1178 255 1256 τάς
281 1179 396 1256 οἷκαλις
416 1182 584 1266 δυνάμεις,
617 1185 673 1248 καί
700 1183 803 1248 οδκότι
831 1180 985 1248 ἀνάλωτοι
1006 1190 1073 1258 τοῖς
1093 1185 1189 1256 πέλας

17 1274 56 1321 ³
71 1277 255 1345 (λε’δόκυυν.
292 1278 450 1364 τοιγάρτοι
472 1273 621 1366 ἀρξανπες
655 1280 692 1346 οδ
716 1279 787 1345 λίαν
813 1279 962 1346 ἐλάττονα
978 1289 979 1292 ’
989 1281 1103 1367 χρόνον
1126 1268 1200 1344 τάν·

95 1377 272 1462 Μήδαν,
291 1371 339 1441 ὅτι
355 1375 495 1463 μὴἀὲπτά
512 1379 595 1446 ἔτεσι
613 1383 741 1461 δέοντα,
765 1370 921 1466 (πειστέον
939 1376 999 1464 γάρ
1023 1373 1188 1443 κάνταόθο

89 1481 146 1565 τῷ
158 1477 402 1565 Πολυίστορι,)
422 1480 455 1554 ε’ς
473 1482 618 1545 τοσοάτον
635 1478 672 1564 δὴ
690 1472 748 1543 οδν
766 1478 982 1563 κρατήσαντες,
1000 1478 1218 1562 Παρδυαῖοίῦ

83 1595 134 1653 γε
153 1571 297 1656 αάτοός,
324 1572 417 1654 ἔθνος
433 1574 581 1662 κατήκοον
597 1576 652 1642 καί
670 1571 781 1662 ἥκιστα
803 1576 839 1640 ἐν
856 1579 899 1664 τῷ
917 1573 977 1660 πρό
998 1577 1057 1639 rori
1074 1569 1189 1656 ὄνομα·
1248 1659 1251 1665 Ι

79 1673 279 1754 στόταταν,
309 1677 491 1759 παρέλυσαν
512 1679 567 1762 τῆς
592 1672 791 1760 ἀρχῆςποός
814 1672 1014 1748 Μακεδόνας.
1047 1671 1103 1738 καί
1119 1666 1188 1738 εἶτα

14 1760 224 1839 ι5ιὲαεΐνοι
254 1776 318 1838 τῶν
350 1768 431 1863 ὅλων
454 1774 534 1862 πλήν
561 1775 724 1859 Αἰγύπτου
749 1775 903 1860 ἡγοῦντο,
937 1763 1096 1858 ’Ἀρσάκου
1129 1774 1189 1854 μὲν

79 1872 262 1959 πρότερον
275 1873 330 1958 τῆς
342 1867 542 1952 ἀποστάσεως
562 1875 748 1960 ἀρξαμένου,
771 1870 813 1949 ιός
830 1871 884 1937 καί
909 1865 1101 1958 Ἀρσακίδας
1116 1867 1190 1947 τυδς

77 1975 173 2049 μετ’
197 1968 298 2036 αδτόν
322 1970 541 2056 ὀνομάζεσθαι,
563 1972 771 2060 Μιθριδάτου
787 1974 822 2037 δὲ
841 1966 878 2036 οὗ
894 1972 998 2058 πολλῷ
1013 1964 1140 2055 ὕστερον
1155 1971 1190 2047 ἐς

74 2069 191 2154 μέγα
211 2093 245 2134 τι
265 2071 353 2146 κλέος
374 2071 410 2138 τό
433 2073 635 2159 Παρθυαίων
655 2063 753 2154 ὄνομα
775 2068 990 2154 ἐξενεγκόντες.

192 2166 239 2244 κς’
286 2165 511 2256 Ἑβδομήκονπα
526 2176 561 2239 δὲ
578 2166 655 2239 ἒτιόν
671 2166 733 2259 ἤδη
752 2174 805 2237 ἐπί
828 2168 996 2246 διακοσίοις
1008 2165 1191 2259 παρῳχηκό-

185 2306 226 2340 ra.
244 2285 436 2357 κρατήσαντας
453 2297 481 2343 et
503 2293 541 2344 16.
569 2289 744 2362 ἀρξαμένους
761 2289 817 2358 sph.
832 2292 889 2344 Par.
996 2296 1033 2359 ¹9ss
1052 2289 1092 2343 Ab
1109 2289 1190 2349 Arsa-

183 2361 223 2421 cis
248 2360 336 2411 initiis
358 2377 445 2431 usque
463 2360 498 2411 ad
519 2363 660 2414 interitum
681 2362 812 2414 Artabani
835 2361 899 2412 anni
922 2359 982 2427 476.
1000 2360 1189 2411 numerantur}
1225 2405 1226 2408 ,

181 2427 238 2479 vid.
258 2429 313 2480 Ste.
327 2428 409 2481 Croix
422 2430 457 2481 ad
469 2431 553 2482 Tacit.
570 2433 611 2484 ed
631 2432 753 2485 Oberlin.
774 2431 973 2499 T.‘11.p.87s.
1000 2430 1077 2482 Unde
1090 2428 1189 2495 aliquis

182 2497 387 2568 coniiciate‘pdo
413 2500 515 2570 ἥκοντα
527 2503 575 2554 ἐπὶ
591 2506 785 2575 τετρακοσίοις
805 2499 1001 2554 emendandum
1023 2516 1088 2553 esse.
1123 2498 1191 2550 ille*

182 2578 335 2621 rumtamcn
355 2519 426 2622 nibil
444 2580 547 2629 mutare
570 2574 673 2635 susim,
701 2591 784 2644 quum
803 2581 914 2642 propter
938 2586 1099 2624 consensum
1113 2570 1141 2619 li.
1162 2575 1191 2621 et

182 2639 268 2707 Intpr.
284 2657 344 2692 cnm
368 2641 558 2710 Lugdunensi‚
589 2651 647 2694 tum
666 2659 729 2695 vero
752 2643 909 2714 praesertim
928 2650 1039 2710 propter
1060 2639 1190 2707 temporis

183 2725 323 2773 summam,
344 2711 417 2781 quod
431 2711 558 2781 Agatbias
572 2710 748 2777 Macedonum
763 2714 877 2780 imperio
893 2710 999 2763 tribuit.
1018 2709 1094 2778 Quos
1107 2725 1191 2779 quum

182 2787 287 2846 septem
310 2788 415 2832 tantum
438 2783 517 2834 annis
534 2784 623 2836 minus
643 2801 723 2852 quam
745 2782 841 2835 Medos
857 2779 945 2834 Asiam
964 2781 1083 2832 tenuisse
1102 2778 1190 2846 ponit,

180 2847 276 2901 Medos
291 2853 385 2917 autem
401 2868 450 2920 per
468 2855 526 2906 30⁰.
540 2870 625 2904 annos
641 2855 802 2922 imperasse,
824 2853 948 2922 sequitur
967 2851 1045 2900 illurn
1057 2849 1111 2900 sibi
1125 2863 1189 2914 per-

183 2918 314 2983 suasisse,
334 2921 490 2978 Parthorum
509 2920 654 2990 imperium
677 2941 747 2975 anno
766 2921 875 2973 demum
891 2920 932 2987 44.
951 2937 974 2970 a.
990 2914 1051 2969 Cbr.
1067 2935 1094 2970 n.
1109 2932 1190 2968 exor-

182 2994 240 3039 tum
261 3006 327 3042 esse.
377 2992 419 3042 lta
434 3007 498 3044 vero
514 2991 694 3044 Macedonum
712 3009 795 3043 annos
817 2996 834 3041 a
852 2990 939 3059 primo
959 2985 1107 3039 Alexandri
1127 2991 1191 3054 post

181 3066 287 3126 patrem
304 3064 459 3130 regnantis,
476 3079 533 3114 non
550 3079 566 3113 a
585 3061 760 3132 Dariiregno
776 3076 867 3113 everso
886 3058 1050 3125 supputavit.
1087 3055 1123 3108 Ac
1135 3058 1191 3110 Po·

181 3127 340 3193 lybistorem
355 3148 464 3202 quoque
483 3138 621 3186 auctorem
633 3132 701 3185 salso
719 3133 788 3195 lert,
813 3131 862 3201 qui
884 3129 960 3182 Sulla
975 3143 1032 3181 rem
1046 3128 1191 3181 Romanam

179 3204 292 3263 tenente
309 3200 434 3282 tiorebat.
1118 3224 1125 3230 ·

104 3316 172 3357 ram
188 3301 377 3371 magnitudine
394 3304 493 3355 eximie
504 3305 590 3356 clarus
603 3309 661 3356 erat
681 3302 811 3372 belloque
830 3300 1037 3370 insuperabilis,
1056 3308 1087 3353 ut
1104 3300 1188 3352 etism

4 3415 6 3420 ,
104 3377 289 3441 posteaquam
308 3390 369 3424 eum
391 3390 406 3426 e
421 3374 489 3427 vivis
504 3374 633 3426 excedere
650 3373 781 3440 contigit,
806 3389 970 3425 successores
987 3379 1078 3422 tamen
1094 3371 1189 3436 ipsius,

105 3439 276 3494 Macedones
294 3459 354 3495 curn
369 3451 479 3507 essent,
501 3445 618 3495 alienam
640 3452 812 3512 exteramque
832 3443 971 3511 regionem
986 3459 1066 3512 quam
1090 3439 1202 3492 diutis-¹

110 3512 182 3562 sime
193 3514 223 3563 in
238 3519 373 3579 potestate
394 3513 567 3573 retinuerint,
583 3521 611 3566 et
626 3514 660 3565 ad
672 3529 800 3564 summam
811 3513 962 3581 potentiam
979 3511 1121 3565 evaserint.
1156 3509 1191 3560 Et

112 3597 180 3632 sane
202 3582 320 3634 arbitror
340 3600 385 3635 eos
408 3585 491 3635 etiarn
504 3585 535 3635 in
551 3582 625 3635 hunc
645 3600 731 3652 usque
756 3581 827 3635 diem
851 3591 1007 3652 regnaturos
1031 3579 1190 3647 imperium-

114 3667 168 3718 que
189 3653 349 3705 obtenturos
371 3653 470 3717 fuisse,
494 3652 639 3706 Alexandri
658 3653 742 3723 gloria
762 3653 898 3715 suffultos,
923 3651 977 3703 nisi
994 3653 1066 3703 inter
1083 3663 1112 3698 se
1130 3646 1192 3698 dis-

113 3720 234 3775 sidentes
252 3721 496 3794 frequentibusque
515 3723 628 3793 proeliis
649 3732 707 3775 turn
723 3724 848 3776 adversus
871 3739 900 3775 se
923 3728 1034 3782 mutuo,
1059 3725 1118 3768 tum
1140 3717 1190 3768 ad.-

114 3803 206 3842 versus
230 3794 364 3844 Romanos
384 3792 503 3858 habitis,
526 3793 604 3863 plura
619 3791 740 3845 habendi
759 3792 864 3856 studio,
898 3808 958 3843 suas
980 3790 1099 3858 ipsorum
1120 3786 1191 3842 vires

116 3863 322 3933 potentiamque
340 3862 499 3932 fregissent,
520 3864 726 3931 effecissentque
747 3871 779 3914 ut
798 3879 854 3913 non
872 3860 987 3928 amplius
1004 3856 1128 3909 finitimis
1146 3858 1191 3908 in·
1226 3879 1228 3883 ·

118 3931 286 3998 superabiles
306 3932 478 3995 viderentur,
503 3933 902 4003 cum.ali0quin.imperassent
922 3945 978 3980 non
994 3929 1099 3979 minore
1121 3933 1191 3978 tem·
1286 3969 1287 3972 ,

118 4003 190 4062 poris
211 4003 300 4070 spatio
315 4018 396 4073 quam
414 4003 503 4067 Medi,
532 4012 634 4070 septem
649 4002 780 4054 videlicet
801 4001 879 4051 annis
899 3999 1004 4063 minum
1028 3996 1191 4049 nemetiam

120 4063 166 4122 hac
190 4073 221 4124 in
245 4079 274 4124 re
292 4071 456 4125 credendum
478 4081 519 4126 est
540 4072 711 4139 polyhistori.
737 4071 822 4122 eum
850 4069 942 4138 itaque
967 4074 1045 4120 tanto
1068 4075 1190 4133 tempore

121 4134 310 4221 imperassent,
340 4140 491 4218 alantis,
517 4150 595 4217 rents
616 4141 677 4202 aliis
701 4139 812 4201 subdita
831 4137 996 4215 minimeque
1016 4145 1094 4196 ancer
1116 4134 1190 4194 ⁶⁰¹0·
