2760 4800
435 281 719 350 nrsnonrannn
750 291 791 350 11.
810 285 863 358 oo,
1130 250 1208 336 1⁴23
1343 254 1345 261 '

125 441 188 508 διν
207 427 415 522 άπὲκτέιναν,Ι
446 428 502 504 ταί
524 431 656 514 πολλοὺς
678 441 741 503 τῶν
767 432 837 503 ὅσοι
862 426 1079 522 δμογνάμονες
1105 428 1288 522 tuslvp‘iqc.
1305 447 1351 517 554

127 542 301 628 Μίχανον
322 534 428 623 ὅντες,
457 541 501 618 ὥς
518 541 574 604 ode
595 538 662 618 ἐξόν
683 547 748 616 τοῖς
767 536 878 623 μάγοις
899 541 942 625 τῷ
956 539 1104 624 βασιλείῳ
1121 522 1271 624 edepl-1·
1285 522 1319 574 ’Β

126 641 356 729 ἐναρμόζεσθαι
381 639 437 705 καί
457 638 586 720 ἱζάνειν.
616 633 696 704 niceo
718 642 754 704 δὲ
776 640 883 715 αὐτοῖς
907 633 943 702 οὗ
969 635 1080 723 μιαροὶ
1104 635 1215 713 ἔδοξαν

129 733 207 805 εἶναι
232 737 262 803 οἱ
287 737 398 826 φόνοι,
434 741 554 822 μάλλον
574 741 634 820 μὲν
654 732 711 804 σόν
736 739 791 802 καί
805 739 944 818 μείζονος
971 728 1052 812 citios
1075 731 1197 816 μνήμης
1204 746 1249 814 ,Β

90 833 206 907 δίδοτε
228 840 338 921 άμὲλει
351 837 410 924 τὴν
426 835 535 904 στάσιν
552 838 671 923 ἐκείνην
692 835 884 924 Μαγοφόνια
903 831 1013 922 ἑορτὴν
1031 833 1208 916 ὀνομασδῆ-
1215 834 1287 906 llip
1339 893 1352 904 Α

132 928 196 1021 ναι,
227 937 284 1001 καὶ
307 940 425 1014 θυσίας
442 940 654 1002 ἐπιτελεῖσθαι
674 937 905 1023 χαριστηρίους.
941 936 1000 999 νόν
1025 934 1059 996 δὲ
1084 931 1217 1011 τιμῶσιν

130 1035 241 1127 αότοός
259 1030 394 1112 άπαντες
411 1038 467 1099 καί
480 1032 711 1125 όπεράγανται,
732 1036 788 1099 καί
802 1033 840 1099 τά
856 1058 889 1098 τε
904 1031 993 1098 κοινά
1010 1039 1079 1107 ταῖς
1099 1027 1215 1094 τούτων

126 1135 256 1225 βουλαῖς
275 1136 329 1198 καί
349 1124 592 1220 προαγορεύσεσι
614 1131 825 1214 διατάττεται,
853 1134 908 1197 καί
931 1131 996 1221 iiiia
1020 1126 1136 1216 ἑκάστῳ
1154 1127 1217 1191 τῶν

119 1228 385 1316 συμβαλλόντων,
407 1226 428 1316 ἢ
448 1226 537 1318 δίκην
551 1234 754 1317 λαγχάνοντα,
776 1234 961 1317 ἐφίστανται
979 1225 1215 1302 διασκοποῦντες

45 1327 161 1395 'Otii
179 1330 376 1413 ποιοόμενα,
407 1333 696 1418 καίἒπικρίνοντες,
725 1332 780 1395 καί
795 1326 886 1395 οὐδὲν
906 1328 1009 1395 ὁτιοῦν
1026 1326 1216 1413 παράΠὲρ-

103 1436 194 1507 σοιις
212 1429 332 1508 δόξειεν
349 1423 388 1495 άν
405 1426 533 1512 ἕννομόν
550 1455 584 1494 τε
605 1427 686 1496 εἶναι
703 1426 757 1494 κατ’
773 1430 910 1511 δίκαιον,
942 1423 993 1511 όγε
1015 1424 1061 1510 μὴ
1075 1422 1136 1515 άπὸ
1152 1424 1216 1506 μά·
1273 1414 1275 1421 ’

93 1542 174 1599 you
196 1530 407 1614 ἐμπεδονδεάγ.Ι
1008 1597 1013 1608 2

209 1624 260 1704 ιζ’.
278 1629 418 1710 Λέγεται
436 1629 470 1691 δὲ
483 1625 539 1713 τὴν
558 1630 616 1693 τοῦ
637 1622 836 1714 ’Λρταξάρου
855 1626 977 1711 μητέρα
993 1625 1132 1708 Παβὲκῳ
1154 1623 1217 1686 τινὶ

26 1803 39 1814 .
64 1717 353 1815 ,ξυνῳκιγκέναμ
392 1724 573 1792 παντάπασι
602 1730 661 1808 μὲν
681 1725 867 1813 ἀσημοτάτῳ
889 1728 944 1789 καί
961 1719 1138 1808 σκυτοτόμῳ
1158 1717 1216 1803 τὴν

26 1813 260 1910 Ιῧτὲχνην,
281 1827 338 1909 τῆς
359 1824 393 1890 δὲ
410 1819 472 1890 τῶν
494 1821 635 1912 άστέρων
651 1830 780 1913 πορείας
799 1821 1038 1910 δαημονεστάτῳ
1049 1873 1059 1903 ,
1088 1817 1143 1882 καί
1159 1819 1245 1908 cipit

95 1923 244 2015 ῥᾳδίως
266 1922 307 1987 τά
325 1920 457 2005 ἐσόμενα
478 1927 727 1991 διασκοπεῖσθαι·
761 1918 863 2010 άνδρα
880 1926 915 1989 δὲ
933 1919 1127 2008 στρατιώτην
1149 1915 1214 1982 Σά-

85 2044 220 2087 οανον
240 2013 340 2104 όνομα
350 2074 360 2103 ,
382 2020 434 2086 διά
454 2026 508 2107 τῆς
521 2026 746 2108 Καδουσαίαν,
768 2019 849 2088 oricus
866 2021 1063 2104 ξυνενεχδὲν,
1084 2015 1216 2108 πορευό-

84 2144 221 2197 μενον
239 2121 365 2207 χώρας,
387 2124 619 2208 ἐπιξενωθῆναί
629 2148 663 2190 τε
684 2127 728 2214 τῳ
746 2125 904 2212 Παβέκῳ,
926 2120 981 2186 καί
993 2122 1026 2198 ἒς
1041 2117 1077 2184 τό
1095 2120 1213 2182 ἐκείνου

90 2219 289 2303 δωμάτιον
313 2223 526 2306 καταχθῆναι·
553 2221 604 2288 τόν
627 2226 663 2288 δὲ
693 2223 847 2313 ότῳδηοῦν
879 2219 994 2309 τρόπῳ,
1016 2215 1086 2299 dns,
1107 2212 1194 2299 οἶμαι
1201 2268 1212 2298 ,

26 2320 259 2399 tonsione,
290 2319 454 2402 ἐπιγνόντα
473 2317 549 2407 aigi
571 2325 626 2387 τοῦ
646 2326 734 2400 ’ξένου
759 2320 832 2406 γονὴ
858 2323 969 2408 άρίστρ
995 2343 1027 2383 τε
1052 2317 1138 2381 ἔσται
1158 2314 1214 2379 καὶ

89 2416 294 2508 ἀρίδηλος,
323 2418 378 2483 καί
392 2417 447 2484 ἐπί
458 2422 540 2505 μέγα
559 2417 760 2506 εὐδαιμονίας
779 2420 936 2508 χωρήσει,
967 2416 1072 2482 άλόειν
1089 2417 1147 2498 μὲν
1160 2413 1215 2480 κὰδ

194 2582 221 2620 a.
242 2562 306 2626 ἰξόν
324 2565 352 2613 R.
449 2566 563 2632 possiet
579 2565 663 2636 tuga.
711 2622 712 2627 ,
770 2564 855 2634 θώκῳ
874 2531 921 2628 lt,
938 2560 1018 2632 θάκῳ
1036 2562 1107 2630 vulg.
1186 2561 1210 2612 8.

192 2631 486 2777 gogagppeggcpglg,
504 2637 587 2705 lntpr.
604 2635 853 2708 praedictionibus,
871 2633 1121 2705 προσαγοσεὺσεσι
1141 2631 1211 2699 vulg.

117 2859 301 2926 sententia03
320 2858 395 2930 quod
410 2859 450 2911 fas
473 2877 529 2913 non
548 2867 619 2912 esset
635 2861 719 2930 magis
736 2861 839 2930 regium
861 2858 959 2928 solium
980 2859 1105 2908 affectare
1128 2857 1210 2926 eique

106 2928 256 2995 insidere3
275 2937 436 3001 tantumque
454 2930 560 2992 abfuit,
576 2939 606 2981 ut
617 2931 767 2999 piaculares
781 2927 845 2981 illa'e
863 2927 958 2980 caedes
970 2927 1035 2994 ipsis
1055 2928 1110 2977 sint
1126 2927 1210 2988 visae,

109 3009 153 3051 lat
170 3001 266 3066 potius
281 3001 362 3050 ctiam
374 3002 476 3052 maiore
493 3001 624 3052 memoria
642 3000 736 3069 dignas
758 2998 920 3061 indicarint,
941 3005 1026 3067 utque
1047 2995 1212 3047 seditionem

111 3072 203 3122 illam
223 3064 322 3119 festum
336 3072 459 3123 vocarint
471 3069 644 3142 μαγοφόνια
662 3072 774 3131 dictum,
790 3069 843 3121 hoc
858 3076 899 3119 est
914 3084 1053 3138 magorum
1069 3065 1173 3128 caedes,
1183 3075 1211 3118 et

114 3139 259 3192 sacrificia
268 3139 320 3207 diis
328 3159 376 3211 pro
386 3144 530 3211 gratiarum
544 3142 651 3192 actione
659 3140 837 3192 instituerint,
858 3137 936 3190 Nunc
950 3155 1012 3191 vero
1028 3138 1099 3207 magi
1115 3153 1209 3189 omnes

117 3210 154 3261 in
175 3225 282 3261 summo
296 3211 369 3279 apud
385 3229 431 3263 eos
449 3220 512 3263 sunt
533 3211 637 3263 honore
659 3229 689 3262 ac
710 3211 902 3272 veneratione,
927 3209 1093 3280 publicaque
1117 3210 1210 3260 omnia

123 3297 225 3336 eorum
241 3283 362 3333 consiliis
399 3282 669 3352 raedictionibusque
686 3280 925 3344 administrantur,
945 3290 973 3332 et
987 3279 1135 3351 unicuique
1150 3280 1211 3347 pri-

119 3351 221 3413 vatim,
241 3367 310 3420 quae
326 3300 459 3404 addicam
475 3369 636 3424 causamque
654 3369 730 3403 suam
741 3351 887 3420 pertinent,
902 3350 1067 3412 intentanti,
1083 3357 1214 3419 praesunt

125 3421 211 3489 magi,
234 3422 283 3491 qni
298 3427 461 3491 cognoscant
485 3424 552 3495 quid
575 3431 687 3493 agatur,
713 3430 741 3474 et
763 3420 906 3475 arbitrium
928 3419 1213 3489 suuminterponant;

123 3506 220 3562 neque
244 3492 390 3562 quicquam
410 3496 521 3546 omnino
543 3495 629 3546 Persis
653 3492 761 3546 videtur
781 3493 933 3563 legitimum
954 3508 1012 3545 esse
1035 3499 1064 3542 et
1079 3506 1207 3561 aequum,

124 3561 202 3631 quod
215 3578 272 3612 non
285 3580 300 3612 a
314 3581 390 3633 mago
413 3565 600 3617 confirmatum
617 3565 822 3635 stabilitumqnc
837 3564 929 3615 suerit.

199 3634 249 3700 272-
278 3633 375 3684 Fertur
389 3636 472 3685 etiam
486 3634 610 3687 Artanari
622 3643 709 3685 mater
723 3635 826 3686 Pabeco
840 3632 947 3685 cuidam
970 3631 1109 3699 nupsisse,
1128 3631 1209 3699 igno·
1281 3630 1283 3633 ’

126 3701 275 3769 biliplane
289 3703 409 3767 homtni,
428 3704 543 3757 coriario
560 3706 665 3758 scilicet
678 3706 734 3757 sive
748 3707 843 3767 sutori,
880 3703 1025 3756 erltissimo
1040 3708 1130 3751 tamen
1145 3707 1208 3751 cnr'-

128 3772 172 3822 su‘s
189 3779 334 3837 astrorum,
353 3775 458 3846 quique
467 3775 546 3827 facile
561 3776 652 3828 futura
666 3774 843 3845 prospiceret.
859 3722 1058 3826 i'irumautem
1070 3769 1209 3844 quendam

129 3842 287 3907 militarem,
305 3845 416 3903 nomine
431 3845 571 3909 Sasanom,
589 3863 638 3915 per
652 3846 853 3898 Cadusaeornm
867 3845 1004 3914 regionem
1015 3841 1085 3892 forte
1099 3840 1209 3892 fortuna

129 3911 181 3984 iter
191 3913 354 3981 facientem,
376 3915 449 3984 apud
466 3916 597 3968 Pabecum
615 3915 735 3985 hospitio
752 3923 894 3983 exceptum
911 3914 982 3979 etin
999 3911 1073 3962 illius
1090 3910 1208 3963 domun-

50 4017 62 4029 i
131 3982 188 4033 cula
204 3984 362 4052 divertisse,
379 3981 454 4037 hune
468 4002 531 4039 vero
548 4003 713 4060 quocunque
727 3986 837 4038 tandem
855 3983 935 4035 modo
954 3980 1127 4054 (crediderim
1136 3988 1209 4032 certe

130 4058 161 4102 ut
171 4055 282 4127 vatem),
302 4071 362 4106 cum
377 4056 557 4124 praevidisset
572 4075 646 4120 eum,
664 4058 711 4128 qui
728 4075 761 4108 ex
774 4055 883 4122 hospite
901 4055 948 4104 illo
968 4053 1130 4123 gigneretur,
1149 4051 1207 4112 fore

132 4125 296 4187 praeclarum
320 4126 492 4198 maximeque
506 4129 639 4181 illustrem
658 4134 686 4178 et
712 4127 746 4178 ad
760 4143 894 4178 summum
912 4122 1051 4177 felicitatis
1069 4121 1207 4190 fastigium

135 4205 283 4266 evasurum
302 4193 423 4250 doluisse
442 4197 554 4269 quidem
571 4206 599 4254 et
618 4198 756 4252 fortunam
775 4212 852 4250 suam
873 4195 1043 4268 deplorasse,
1061 4191 1136 4264 quod
1152 4187 1207 4242 sibi
