2730 4816
203 195 257 297 56
565 278 597 294 .,
627 213 850 291 ,uerrunt

55 392 126 453 aa
143 378 263 467 εααὸς
287 379 323 444 δὲ
341 374 646 465 retroversus,
672 361 712 434 οὗ
732 368 771 452 δὴ
802 365 857 461 καὶ
871 364 1023 453 τούτων
1039 364 1239 453 sermons
1254 367 1294 432 iv·

55 495 62 502 “
96 464 247 566 Ι496,τῇ
261 478 317 561 τῆς
341 475 456 560 Κόμης
480 472 652 559 πολιορκιφ·
681 461 774 543 οὗτος
798 466 836 552 δὴ
865 460 1099 553 όἎλόγερνος,
1131 459 1293 549 institisti

204 574 346 662 Φράγγοι
360 576 393 650 ές
412 572 470 657 τὴν
491 566 629 638 Ἰταλίαν
649 568 812 652 παρῆσαν,
832 563 888 629 καί
903 566 935 641 ές
951 559 1070 640 αότοός
1085 557 1145 648 ἤδη
1163 562 1203 629 τά
1225 565 1293 655 γοῦν
1316 637 1318 639 ,

202 677 234 740 Γ
232 672 334 747 ότθων
354 668 525 758 πράγματα
543 664 734 751 μετεχώρει,
763 658 858 746 μόνος
883 688 918 748 γε
937 665 1073 749 πέφηνεν
1090 661 1161 727 τότε
1187 660 1295 738 συνεὶς

202 770 243 840 τὸ,
260 778 416 852 Ιξυνοῖσον,
448 769 504 836 κατ’
523 762 752 849 στοχαζόμενος
770 764 837 843 τάν
857 758 1058 845 μελλόντων
1071 762 1314 850 βουλευομένφό

206 871 268 957 γὰρ
292 866 379 960 αὐτῷ
394 872 469 955 περὶ
486 867 549 953 τῶν
573 861 757 952 παρόντων,
784 864 966 950 ,προσῆλθεν
989 861 1104 929 ἐννοεῖν
1125 857 1169 936 οἷς
1184 851 1238 947 ἀρ’
1263 860 1301 926 οἱ,

130 967 350 1056 Ἷ·27Φράγγοι
376 958 491 1052 σκῆψιν
514 969 573 1048 μέν
591 988 661 1029 τινα
688 961 742 1055 καί
764 959 976 1049 προκάλυμμα
1002 953 1155 1046 εάπρεπὲς
1173 957 1210 1035 τό
1237 961 1297 1047 τῆς

172 1067 392 1152 Βξυμμαχιόις
418 1059 519 1150 ὄνομα
546 1065 731 1146 ποιοῦνταό,
765 1061 811 1136 οἷς
839 1059 877 1145 δὴ
898 1057 1086 1143 μετάκλητοι
1113 1054 1296 1146 ἀφιγμένοι,

173 1154 183 1191 ³¹
204 1167 240 1233 τό
257 1169 295 1232 di
319 1166 508 1253 βουλόμενον
532 1159 639 1228 αάτοόν
666 1164 723 1246 τῆς
741 1157 865 1245 γνώμης
889 1152 996 1250 ἕτερόν
1012 1184 1044 1223 τι
1065 1168 1223 1246 φανεῖταιε
1255 1160 1297 1224 aa?

204 1265 266 1351 γάρ
282 1251 501 1349 ἐθελήσουσιν,
522 1268 551 1333 εἰ
570 1261 626 1328 κατ’
637 1263 701 1328 τῶν
726 1258 893 1342 ‘Posterior
911 1259 1121 1344 περιέσοιντο,
1141 1271 1339 1345 depexus-ro

204 1368 306 1452 ρῆσαι.
326 1372 391 1441 τοῖς
408 1362 440 1430 Γ
438 1362 544 1439 ότθσις
566 1365 624 1446 τῆς
645 1356 800 1443 Ἰταλίας,
832 1354 902 1424 ἀλλ’
918 1355 997 1445 ἔργῳ
1021 1358 1195 1444 προτέρους
1215 1355 1305 1435 ἐκεί,

118 1542 122 1546 .
204 1485 278 1538 νους
300 1459 613 1543 καταδουλώσονται,
652 1455 699 1536 οἷς
727 1462 771 1547 τῷ
797 1455 876 1547 λόγῳ
904 1451 1032 1541 ἥκουσιν
1054 1458 1297 1541 έπαμυνοῦντες,

203 1551 363 1651 ἀρχοντάς
379 1584 413 1629 τε
431 1555 540 1635 αὐτοῖς
557 1558 763 1644 ἑπιστήσουσι
785 1553 969 1644 Φράγγους,
989 1554 1045 1621 κατ’
1060 1552 1299 1642 ἀφαιρήσονται

204 1660 271 1728 τῶν
292 1658 436 1746 πατρίων
451 1657 592 1742 νομίμων
612 1653 739 1733 αάτοός.
776 1659 880 1722 ταῦτα
898 1652 937 1740 δὴ
956 1649 1015 1720 osis
1033 1656 1068 1720 έν
1082 1651 1187 1742 ἑαυτῷ
1200 1651 1297 1736 θαμοὶ

203 1754 405 1844 λογιζόμενος
420 1756 475 1822 καὶ
490 1753 678 1842 ἀνελόντων,
709 1752 777 1839 ἀμα
795 1757 832 1820 δέ
847 1757 902 1820 κοιί
915 1756 955 1842 τῇ
970 1752 1133 1844 πολιορκίᾳ
1150 1749 1339 1836 rescivisse-15

204 1881 269 1938 νος,
290 1848 425 1938 ἀμεινόν
443 1857 473 1921 οἱ
490 1853 669 1943 κατεφάνη,
689 1854 747 1940 τήν
767 1878 803 1919 τε
827 1850 920 1918 πόλιν
947 1851 1002 1917 καὶ
1023 1850 1064 1919 τοὶ
1083 1851 1235 1939 χρήματα
1253 1844 1300 1942 τῷ

208 1955 325 2041 Ναρσῇ
342 1956 558 2041 παραδοῦναι,
585 1952 641 2019 καί
664 1949 812 2018 τολοιπόν
838 1952 1021 2035 Ῥωμαϊκῆς
1035 1958 1225 2034 μεταλαχεῖν
1240 1974 1302 2016 πο.

206 2051 346 2141 λιτεόας,
375 2051 528 2118 κινόόνων
546 2077 581 2131 τε
600 2045 814 2136 ἀπογενέσθαι
832 2048 888 2115 καὶ
906 2052 1110 2137 βαρβαρικῶν
1130 2046 1303 2136 διαιτημά-

206 2176 282 2217 των.
316 2146 403 2218 όσιον
421 2150 481 2238 γάρ
504 2143 584 2240 ᾠέτο
608 2145 708 2235 εἶναι,
739 2141 771 2217 εἰ
785 2148 830 2236 μῆ
855 2147 935 2227 τοός
950 2152 982 2215 Γ
980 2145 1096 2227 ότθους
1114 2145 1217 2216 ἔνεστι
1240 2148 1302 2236 τὴν

130 2273 160 2331 1³,
168 2243 345 2330 aa’Iaoric'ow
364 2253 552 2337 κεκτῆσθαι,
589 2247 664 2325 τοὺς
687 2253 763 2341 γοῦν
786 2252 822 2316 έκ
849 2249 988 2321 παλαιοῦ
1005 2245 1170 2337 οἶκῆτοράς
1194 2271 1229 2314 τε
1246 2247 1344 2323 ναΐου

209 2351 366 2437 ἰθαγενεῖς
382 2346 425 2419 τό
436 2346 589 2416 ἀνέκαθεν
607 2347 763 2435 ἡγεμόνας
778 2346 879 2435 αὐτὴν
898 2344 1168 2432 ἀνακομίσασθαι,
1189 2345 1244 2413 καό
1255 2339 1299 2436 με]

276 2488 302 2524 a.
324 2457 407 2527 οὗτος
425 2465 458 2535 dri
480 2471 509 2522 R.
528 2476 557 2521 et
571 2468 674 2540 Lugd,
693 2456 777 2528 οὗτος
800 2467 902 2522 dledd.
989 2472 1016 2524 6,
1036 2464 1112 2536 αότςό
1130 2485 1182 2521 orn.
1201 2465 1302 2543 Β.ἀρα

277 2541 307 2595 R.
362 2542 390 2599 8.
407 2540 563 2594 ποιοῦνται
581 2542 629 2605 lt,
646 2538 892 2612 πριιόνταιτυλς.“
925 2558 952 2612 9.
979 2536 1119 2596 ου’τοῖςΗ.
1189 2540 1228 2611 τό.
1249 2556 1302 2596 νο-

277 2611 378 2682 μίμων
395 2611 441 2675 lt,
463 2608 497 2666 ru
522 2627 562 2663 ων
574 2612 646 2680 vulg.
695 2607 760 2668 ι5.ἀ
783 2628 801 2661 α
822 2608 853 2665 δὲ
871 2611 920 2662 καὶ
939 2613 985 2674 lt,
1003 2607 1064 2680 ἅμα
1082 2611 1131 2661 καὶ
1149 2611 1222 2681 vulg.
1261 2614 1301 2668 16·

250 2687 251 2691 ’
278 2678 332 2744 τήν
349 2694 378 2732 τε
399 2682 430 2734 R.
452 2629 600 2751 etiiugd,
618 2681 670 2744 τόν
685 2695 751 2750 γεε
773 2680 797 2733 d.
875 2699 921 2739 οι.
938 2678 1082 2738 ἀνέκαθεν
1098 2682 1129 2736 R.
1160 2679 1249 2754 bugd,
1275 2690 1305 2737 et

244 2826 246 2828 V
280 2749 359 2812 said.
368 2768 390 2812 s.
406 2767 434 2810 v.
453 2746 601 2820 ἰθαγενὴς,
621 2749 760 2807 ἀνέκαθεν
774 2750 841 2807 edd.

209 2862 356 2928 postquam
373 2855 472 2910 Franci
491 2854 521 2907 in
540 2854 647 2908 Italiam
663 2855 817 2921 venisseut,
842 2859 871 2906 et
895 2851 1050 2908 Gothorum
1070 2869 1113 2908 res
1147 2868 1243 2908 omnes
1269 2852 1328 2911 sd,

209 2924 284 2994 ipsos
303 2934 396 2979 esseut
412 2925 577 2990 devolutae,
596 2927 670 2980 solus
687 2927 761 2979 visus
776 2935 818 2980 est
837 2921 906 2996 quid
925 2924 1080 2990 consultum
1097 2932 1126 2978 et
1144 2941 1179 2977 ex
1204 2941 1307 2978 rees-

210 3003 254 3047 set
271 2997 436 3066 cognovisse,
456 3004 485 3048 et
502 2995 593 3048 sutura
608 2995 784 3065 praevidisse.
819 2995 995 3050 Delibersnti
1014 2998 1088 3048 enim
1101 2997 1154 3062 ipsi
1172 2994 1206 3046 de
1223 3012 1306 3065 prae-

211 3066 284 3117 senti
305 3082 395 3117 rerum
413 3073 501 3128 statu,
519 3064 587 3118 haec
603 3069 731 3138 cogitatio
750 3067 780 3118 in
799 3074 919 3125 mentem
936 3067 1022 3130 venit,
1041 3064 1116 3137 quod
1124 3066 1222 3116 Franci
1241 3082 1307 3134 spe·

212 3134 317 3186 ciosum
335 3133 447 3205 quidem
464 3137 578 3187 titulum
596 3153 628 3189 sc
650 3144 826 3209 praetextum
851 3136 998 3204 captabant
1023 3137 1160 3189 societatis
1187 3135 1308 3188 bellicae

212 3220 276 3257 cum
306 3203 405 3256 Gothis
428 3205 528 3269 initae,
553 3207 620 3278 quip
642 3224 657 3260 e
688 3209 737 3279 qui
754 3207 835 3259 acciti
860 3210 1014 3273 venissent,
1034 3203 1108 3276 quod
1125 3221 1189 3257 vero
1204 3206 1307 3258 animis

210 3275 269 3326 suis
288 3274 436 3342 agitabant,
454 3275 530 3329 aliud
549 3225 682 3348 quianm
698 3295 727 3331 re
742 3281 802 3348 ipsa
814 3278 1009 3346 appariturum.
1045 3277 1114 3327 Fore
1136 3275 1209 3345 enirn
1226 3275 1308 3328 vide-

212 3344 270 3407 bat,
287 3352 320 3395 ut
337 3345 446 3397 etiamsi
463 3348 590 3400 Romania
608 3350 761 3420 superiores
782 3346 943 3411 evaderent,
962 3344 1060 3399 Gothis
1089 3344 1168 3396 Italia
1186 3363 1242 3398 uon
1260 3363 1308 3398 ee-

214 3413 321 3478 derent,
339 3413 461 3468 sediliis
479 3418 580 3488 reipsa
595 3423 692 3491 primis
711 3418 830 3470 subactis
849 3419 950 3488 quibus
967 3416 1105 3487 suppetias
1123 3414 1213 3467 verbis
1231 3416 1306 3469 latu-

213 3485 239 3538 ri
263 3491 411 3550 venerant,
437 3487 552 3544 Francos
577 3493 715 3560 principes
741 3489 781 3540 eis
803 3488 996 3557 imposituros,
1020 3488 1172 3557 patriisque
1195 3487 1305 3556 legibus

213 3571 262 3608 eos
281 3571 339 3608 esse
358 3557 534 3626 spoliaturos.
569 3561 644 3613 llaec
663 3562 756 3630 itaque
776 3575 837 3609 cum
855 3559 1013 3630 frequenter
1038 3574 1130 3609 secum
1154 3566 1308 3626 reputaret,

115 3671 117 3675 ,
214 3633 323 3677 etcum
344 3628 435 3680 animo
453 3647 502 3682 suo
521 3632 687 3696 revolveret,
706 3630 844 3700 simulque
863 3628 1007 3682 obsidione
1025 3636 1212 3697 premeretur,
1239 3645 1307 3680 con-

214 3695 396 3750 sultissimum
420 3698 479 3753 sore
505 3701 654 3764 iudicavit,
673 3700 697 3753 si
716 3700 812 3752 urbem
831 3717 892 3751 cum
910 3698 1036 3769 pecuniis
1054 3698 1180 3750 omnibus
1198 3699 1308 3751 Narseti

214 3767 353 3832 traderet,
371 3786 403 3822 ac
421 3770 551 3841 deinceps
573 3774 753 3823 Romanorum
773 3771 901 3822 instituto
922 3788 952 3824 ac
971 3768 1093 3836 moribus
1113 3770 1231 3832 viveret,
1254 3785 1308 3838 pe·

215 3837 308 3890 riculis
327 3849 358 3895 et
374 3839 514 3894 barbarico
532 3841 643 3894 vivendi
661 3857 736 3893 more
752 3840 841 3894 valere
859 3841 948 3893 iussis.
983 3837 1107 3910 Aequum
1126 3840 1198 3892 enirn
1217 3842 1244 3892 ei
1264 3840 1309 3891 vi-

215 3906 347 3975 debatur,
366 3912 389 3963 si
408 3911 494 3965 Gothi
523 3913 629 3964 Italiam
647 3913 773 3965 obtinere
792 3908 848 3963 non
869 3916 999 3981 possent,
1030 3919 1135 3963 veteres
1154 3919 1229 3963 certe
1246 3910 1308 3960 eius

217 3977 387 4035 habitatores
405 3990 435 4033 et
453 3983 594 4054 indigenas
604 3983 638 4034 ab
652 3983 758 4051 origine
769 3981 850 4033 duces
869 3998 928 4033 earn
948 3996 1118 4052 recuperare,
1135 3995 1226 4051 neque
1243 3997 1309 4049 per-

215 4057 301 4120 petuo
321 4053 376 4104 suis
394 4051 505 4107 sedibus
525 4052 651 4108 fraudari.
689 4053 763 4106 Haec
781 4054 873 4123 itaque
893 4053 998 4122 etipse
1018 4071 1065 4105 sua
1085 4070 1119 4104 ex
1138 4057 1215 4123 parte
1227 4066 1309 4118 prae·

219 4129 290 4176 stare
308 4122 338 4177 iu
355 4120 474 4181 animum
497 4140 576 4180 suun
596 4123 759 4191 inducebat,
786 4131 814 4180 et
831 4122 953 4196 reliquae
977 4125 1052 4197 genti
1078 4140 1142 4183 suae
1162 4119 1308 4194 prudentis
