2730 4816
88 457 118 511 A.
130 455 159 509 c.
174 455 223 524 554
234 440 318 524 ρωθι
336 433 397 522 γάρ
418 457 479 498 που
501 431 623 517 άπὲπτη
641 426 658 496 ό
679 420 928 520 deposcamus*
945 421 1110 488 κατέπεσεν
1132 422 1255 488 οὐδένα
1270 441 1319 490 σι·

128 528 147 578 1.
157 527 176 577 Ῑ·
188 529 222 583 ²⁸
233 536 372 617 κάμινος.
391 535 527 618 μετῆλθε
540 532 575 596 δὲ
592 525 708 613 δμωςῆ
728 527 797 612 δίκη
814 522 914 601 οὐδός
930 519 988 606 τὴν
1000 524 1058 585 τοῦ
1071 521 1237 606 βαρβάρου
1257 547 1320 586 πα-

208 632 396 720 Βρανομίαν.
422 630 451 696 οἱ
464 628 524 714 γάρ
543 624 630 716 οἷμφί
640 626 694 693 τόν
706 627 839 713 Ναρσῆν
852 618 1024 709 δορυφόροι
1040 621 1074 684 ἓν
1092 617 1171 706 ὀργῇ
1183 617 1220 685 τὸ
1238 621 1319 686 ἐκεί-

232 756 288 800 νου
308 722 513 815 ποιησόμενοι
527 729 649 814 θράσος
660 776 669 809 ,
689 726 924 802 ἐπιτοξάζονται
945 722 989 798 εἰς
1011 715 1125 801 αάτόν,
1148 718 1203 783 καί
1221 721 1320 806 utris.

231 855 320 896 σεται
334 827 462 916 καιρίαν
485 827 503 891 o‘
526 826 671 902 δείλαιος.
692 827 757 900 πῶς
771 820 830 908 γάρ
853 814 909 886 οόκ
922 811 1072 906 ἤμελλεν,
1092 812 1200 884 ἄδικόν
1219 844 1251 882 τι
1266 817 1339 887 καὶὸ

212 929 354 1014 ·’άγεννὲς
373 924 543 1013 ἐμχειρημα
560 925 695 1012 δράσας;
718 922 773 987 καί
784 921 874 1004 μόλις
880 924 939 1003 μὲν
960 917 1059 984 astris
1076 916 1106 982 οἱ
1121 911 1239 982 όπαδοδ
1257 941 1320 1018 φο-

230 1025 331 1114 ράδην
348 1024 423 1091 εἴσω
447 1028 505 1090 τοῦ
525 1023 691 1110 περιβόλου
712 1019 958 1103 διακομίζουσιν.
983 1013 1106 1113 ἡμέρας
1123 1020 1159 1082 δὲ
1183 1019 1242 1081 δύο
1258 1012 1320 1104 οἷρ-

228 1128 340 1207 κε’σας,
371 1119 489 1201 οἷκλεῶς
504 1117 641 1207 άπεβίω,
663 1121 718 1187 καί
730 1119 771 1186 τά
788 1124 845 1205 τῆς
866 1115 1012 1195 ἀπιστίας
1029 1111 1114 1205 αὐτῷ
1132 1115 1188 1180 καί
1201 1140 1320 1204 παροι-

227 1223 297 1301 νίας
315 1228 348 1300 er
363 1223 434 1288 τόδε
460 1225 558 1286 κακοῦ
584 1221 741 1287 ἐτελεύτα.
776 1222 894 1286 ἐκείνου
909 1220 944 1284 δὲ
963 1218 1204 1303 διαφθαρέντος,
1227 1217 1321 1281 αὐτί-

227 1320 461 1403 resistetur,
482 1317 520 1384 ori
541 1317 601 1407 peip
624 1319 767 1403 α’ντέχειν
785 1315 835 1383 ἔτι
856 1319 896 1403 τῇ
915 1313 1077 1404 πολιορκία
1098 1309 1212 1380 οἷοίτε
1235 1310 1350 1381 εἶναιι

226 1418 376 1507 ἡγοῦντο,
397 1424 521 1487 ἐδέοντο
543 1421 600 1486 τοῦ
617 1422 752 1506 Napoca*
777 1413 933 1483 κάκιστά
955 1412 1048 1501 σφίσι
1067 1414 1315 1499 παρασχέσθαι,

220 1520 270 1598 ate
283 1523 341 1589 ,τοῦ
359 1521 414 1604 ζῆν
432 1515 551 1596 adroic
570 1513 627 1582 οὐκ
643 1513 827 1606 ἀφαιρήσει.
849 1511 866 1580 δ
889 1513 928 1600 δὴ
950 1513 1006 1578 καὶ
1024 1509 1161 1595 τάχιστα
1185 1506 1317 1594 ὅμαιμο-

225 1622 355 1700 σμένον,
376 1619 462 1706 σφᾶς
485 1643 520 1682 τε
545 1611 664 1694 αὖτοός
686 1610 797 1682 ἐκεῖνοι
818 1614 873 1681 καὶ
897 1611 932 1679 τό
949 1609 1104 1700 φρούριον
1120 1613 1316 1697 παρέδοσαν.

92 1787 93 1790 ,
146 1730 174 1785 Ρ.
184 1731 219 1790 51
233 1718 365 1802 Ναρσῆς
389 1718 425 1780 δὲ
449 1708 609 1780 ἆπέκτεινε
625 1717 686 1796 μὲν
706 1709 820 1779 οάδένα
844 1718 887 1803 τῷ
909 1711 1011 1776 ταῦτά
1038 1735 1072 1776 τε
1094 1703 1313 1796 ὀμωμοκέναι,

223 1813 279 1878 καὶ
299 1808 401 1889 άλλως
422 1808 485 1896 οόχ
505 1808 591 1878 δοιον
610 1810 691 1879 εἶναι
704 1809 779 1889 τοός
802 1813 999 1897 ἤσσημένους
1015 1809 1165 1892 αἷμότατα
1187 1813 1352 1894 drogas-15

167 1939 171 1948 ·
223 1911 379 1999 ρίζεσδαι.
401 1912 445 1987 τός
461 1906 500 1975 civ
527 1914 562 1977 δὲ
587 1909 631 1996 μή
656 1903 752 1987 αὖθις
775 1910 1008 1996 νεωτερίσαιεν,
1035 1907 1176 1987 ἅπαντας
1191 1907 1237 1987 aig
1254 1917 1315 1994 βα-

219 2013 312 2076 σιλέα
338 2013 371 2087 ἐς
389 2008 424 2074 τό
448 2011 626 2088 Βυζάντιον
647 2008 793 2076 ἔστειλεν.
830 2005 879 2074 Ἐν
903 2001 981 2098 ᾦδὲ
1008 2000 1110 2073 ταότα
1129 2007 1314 2095 ἐπράττετο,

226 2107 442 2191 Θεοδιβαλδος
456 2105 491 2172 τό
504 2107 675 2193 μειράκιον,
694 2104 730 2183 δς
746 2107 784 2192 δή
803 2111 867 2172 ταῖν
885 2105 1134 2194 προσοικούντων
1150 2106 1208 2192 τὴν
1226 2108 1314 2174 Ἰτα-

145 2221 177 2273 V.
187 2223 220 2292 37
230 2207 301 2272 λίαν
322 2206 478 2292 Φράγγων
497 2205 639 2292 ἐκράτει,
663 2201 742 2294 ᾗπέρ
765 2231 820 2288 μοι
833 2206 956 2293 εἴρηται
971 2205 1141 2294 πρότερον,
1163 2200 1258 2284 οὗτος
1277 2211 1313 2274 δὲ

218 2303 409 2393 οἰκτρότατα
433 2297 494 2390 ἤδη
518 2307 680 2390 ἐτεδνηκει
701 2309 740 2394 τῇ
762 2305 843 2396 νόσφ
869 2305 1045 2394 περιτακείς
1071 2309 1111 2392 τῇ
1132 2305 1351 2395 συντρόφῳ.οο

222 2405 294 2472 ἐπεί
318 2407 354 2470 δὲ
374 2401 584 2492 Χιλδίβερτόν
601 2429 636 2470 τε
651 2405 706 2470 καί
728 2404 938 2492 Χλωδάριον,
967 2407 1012 2482 οἷς
1035 2404 1072 2490 δὴ
1093 2405 1148 2471 καί
1169 2409 1214 2494 τῷ
1228 2410 1312 2490 γένει

224 2503 436 2590 ἑγγυτάτους,
467 2503 522 2566 ἐπί
540 2500 595 2568 τόν
612 2506 725 2591 κλῆρον
745 2507 802 2569 τοῦ
825 2502 940 2580 παιδός
958 2505 975 2568 ό
997 2502 1089 2586 νόμος
1105 2504 1226 2587 ἐκάλει,
1250 2500 1311 2571 αό-

221 2602 293 2668 τίκα
309 2600 376 2690 ἔρις
393 2594 502 2678 αὐτοῖς
514 2602 656 2667 ἐνέπεσεν
674 2599 758 2688 δεινά
766 2654 776 2684 ,
805 2603 860 2667 καί
874 2606 927 2668 οἵα
940 2605 1056 2690 μικροῦ
1074 2607 1138 2669 δεῖν
1151 2608 1196 2694 τῷ
1212 2631 1310 2671 παντι

295 2757 315 2790 r.
336 2734 446 2802 α’πέπτη
465 2739 515 2802 n,
533 2734 621 2804 άπέβη
639 2737 709 2808 vulg.
815 2758 838 2794 a.
860 2736 918 2802 ἤδ.
938 2735 1007 2792 εδδ.Ι
1019 2739 1065 2803 lt,
1085 2735 1145 2791 εδδ.
1161 2736 1178 2803 δ
1196 2736 1219 2790 δ.
1235 2740 1307 2811 vulg.

292 2827 331 2862 ro.
351 2808 394 2860 ἔτι
412 2811 455 2872 rt,
476 2807 614 2878 Intpr.²‘de
636 2823 743 2874 cetero,
762 2807 810 2860 ἐπὶ
835 2809 905 2880 vulg.
1014 2827 1051 2862 rr.
1074 2813 1255 2882 παρέχεσθαι
1277 2813 1320 2863 Β.

293 2896 334 2932 ra.
354 2876 528 2950 οἷμοσμένως
542 2881 570 2929 Β.
638 2883 676 2933 13.
691 2881 796 2932 taetros
813 2878 918 2937 addit.
982 2882 1019 2935 16.
1033 2875 1073 2952 pu}
1092 2881 1131 2946 n,
1144 2879 1217 2953 μηδὲ
1235 2883 1307 2955 vulg.

290 2967 332 3002 ao.
350 2954 514 3022 περιτακεὶς
533 2951 579 3014 lt,
597 2953 771 3022 παρατακεὶς
787 2951 857 3022 vulg.
1056 2984 1058 2987 -

219 3085 248 3132 et
271 3078 349 3130 letali
367 3080 423 3131 ictu
442 3082 570 3132 miserum
590 3081 695 3133 feriunt
713 3082 826 3151 (quidni
846 3080 940 3134 enim?
968 3098 1028 3134 cum
1047 3078 1116 3134 adeo
1135 3080 1261 3154 iniquum
1280 3087 1307 3133 et

218 3150 273 3199 vile
293 3149 397 3205 saeuius
423 3151 626 3220 perpetrasset),
648 3159 675 3201 et
694 3167 772 3222 aegre
792 3151 903 3224 quidem
930 3155 1020 3222 ipsum
1039 3154 1150 3204 comites
1171 3159 1307 3222 gestantes

218 3220 291 3270 intra
309 3219 414 3279 castelli
441 3235 531 3272 muros
560 3221 733 3288 detulerunt3
757 3239 872 3294 cumque
900 3223 934 3275 ad
964 3223 1079 3275 biduum
1104 3223 1306 3291 supervixisset,

217 3288 337 3354 turpiter
355 3285 488 3350 decessit,
509 3297 537 3340 et
553 3289 684 3359 perfidiae
710 3295 926 3365 temeritatisque
953 3296 1018 3345 suae
1040 3293 1113 3346 hunc
1130 3292 1230 3344 habuit
1254 3295 1306 3344 tri-

218 3364 288 3408 stem
306 3359 415 3408 exitum.
451 3359 503 3411 Illo
529 3374 592 3411 vero
619 3361 726 3413 sublato
753 3364 895 3415 confestim
922 3364 1007 3417 Gothi
1032 3363 1132 3436 (neque
1161 3365 1234 3415 enim
1256 3363 1307 3415 ob-

220 3426 356 3480 sidionem
371 3428 441 3478 ferre
451 3444 530 3496 posse
546 3428 723 3496 videbantur)
741 3435 876 3502 supplices
894 3433 1000 3487 Narseti
1021 3443 1084 3486 sunt
1101 3435 1181 3497 facti,
1199 3441 1231 3485 ut
1251 3434 1305 3486 fide

222 3497 284 3549 data
298 3497 381 3548 vitam
393 3497 459 3566 ipsis
482 3499 663 3552 condonaret:
681 3508 709 3551 et
727 3503 838 3572 quidem
848 3507 977 3556 citissime
993 3504 1167 3557 iureiurando
1183 3512 1305 3573 accepto,

222 3585 251 3620 se
270 3568 375 3636 pariter
396 3575 425 3618 et
444 3569 585 3620 castellum
611 3569 783 3624 dediderunt.
819 3574 916 3627 Narseo
941 3592 1005 3627 vero
1030 3578 1167 3628 neminem
1192 3575 1305 3645 quidem

220 3639 374 3705 interfecit3
397 3642 462 3708 quia
483 3639 512 3690 id
531 3639 641 3701 iurarat,
660 3648 687 3691 et
706 3644 830 3713 alioquin
848 3661 965 3716 aequum
980 3663 1035 3697 non
1054 3654 1125 3698 esset
1140 3648 1227 3698 victos
1242 3664 1304 3697 cru-

217 3709 359 3761 delissime
376 3708 525 3762 trucidari:
551 3723 586 3761 ne
604 3725 667 3761 vero
685 3712 715 3763 in
733 3722 870 3782 posterum
889 3717 965 3767 novis
985 3719 1084 3768 iterum
1102 3717 1182 3768 rebus
1207 3715 1304 3768 stude-

220 3788 296 3842 rent,
325 3796 416 3832 omnes
442 3778 476 3830 ad
504 3781 696 3848 Imperatorem
715 3785 873 3851 Byzantium
896 3787 979 3842 misit.
1027 3788 1133 3839 Interea
1154 3786 1219 3838 dum
1237 3784 1304 3838 haec

220 3856 371 3918 geruntur,
390 3847 598 3902 Theodibaldus
620 3851 786 3919 adolescens,
807 3858 855 3925 qui
874 3855 997 3908 finitimis
1016 3859 1111 3909 Italiae
1128 3857 1238 3910 Francis
1252 3860 1304 3907 im-

218 3918 343 3988 perabat,
361 3926 394 3972 ot
411 3937 441 3970 su
463 3937 492 3970 ra
508 3928 549 3972 est
565 3939 580 3972 a
598 3939 641 3974 me
660 3924 771 3989 dictum,
791 3926 1004 3978 miserrimeiam
1024 3928 1124 3980 evivit
1142 3935 1304 3989 excesserat,

167 3998 170 4015 ’
218 3987 324 4053 morbo,
355 3937 466 4042 υοίυδό
483 3991 595 4065 κόστου
611 3993 756 4058 laborarat,
770 3995 939 4065 absumptus.
976 3997 1044 4052 Cum
1062 4015 1125 4051 vero
1139 3996 1302 4050 childeber-

219 4067 278 4111 tum
288 4061 345 4111 etC
367 4058 514 4114 lotharium
531 4072 630 4134 ‚utpote
647 4081 745 4134 genere
762 4068 899 4135 proximos
910 4069 954 4120 lex
965 4072 1052 4138 patria
1066 4068 1100 4120 ad
1121 4068 1302 4121 hereditatem

220 4131 327 4181 iuvenis
345 4139 470 4196 vocaret,
488 4135 573 4203 gravis
600 4136 690 4185 statim
708 4135 780 4187 inter
799 4152 844 4189 eos
862 4142 1003 4192 contentio
1023 4138 1064 4193 est
1082 4147 1155 4210 orta,
1169 4154 1301 4221 ¹quaeque

221 4217 316 4272 parum
326 4199 427 4267 aberat,
438 4202 505 4274 quin
512 4210 601 4258 totum
615 4221 699 4275 genos
709 4205 844 4278 perderet,
864 4205 1057 4269 childebertus
1065 4211 1139 4269 enim
1148 4209 1204 4262 iam
1218 4221 1301 4265 senex
