2738 4816
226 256 278 313 22
585 313 587 318 ,
642 246 852 315 solstitiis

96 425 127 483 A.
137 406 259 477 corate
269 401 387 492 Θρᾴκῃ,
403 399 502 485 τυχὸν
520 402 555 467 δὲ
566 400 770 484 ἒνΙλλυρίοις
786 391 1109 486 τάγμασιρπεριπεσάν
1119 396 1311 480 Ῥωμαϊκοϊς

124 495 344 578 thidrode
366 495 406 566 άν
431 499 600 586 διεφθάρη.
628 497 664 564 τό
685 522 719 583 γε
743 499 807 582 μήν
822 501 856 574 ἐς
869 495 992 566 ἔννοιαν
1016 500 1117 564 ταῦτα
1138 496 1307 581 βαλέσθαι,

225 600 281 668 κατ’
301 596 369 668 εἶτα
385 601 523 686 θελήσαά
535 623 569 663 τε
589 597 643 663 καί
664 597 818 685 ,ἐφίεσθαι
825 648 835 679 ,
867 599 923 663 καί
945 595 982 663 τό
1006 603 1035 682 r
1065 596 1195 666 ἐκείνου,
1211 601 1308 684 με’ρος

136 728 137 731 ’
225 695 346 768 ἅπαντα
357 690 417 784 ήδη
437 700 635 783 πεπρᾶχθαι,
650 695 818 784 κράτιστον
836 688 876 762 άν
889 693 937 780 εἴη
952 692 1008 762 τάν
1025 693 1127 782 άνδρα
1138 697 1314 782 τεκμήριά-

223 824 298 882 σαι,
333 796 376 875 oie
394 795 492 875 δεινάς
517 819 552 861 τε
570 791 612 881 ήν
636 792 692 860 καὶ
706 792 852 880 αὐθάδης
870 790 1008 872 ναάοῖος
1023 793 1059 860 τὸ
1075 797 1235 878 μανιῶδες
1260 797 1330 872 ταῖς

225 897 397 984 ἔμπληκτον
413 892 560 982 ἀνδρείαν
574 894 729 981 ἡγεῖσθαι.
788 896 819 958 εἰ
831 891 891 981 γάρ
905 893 951 980 μή
966 891 1108 983 ἔφθασεν
1125 893 1146 978 ή
1167 895 1227 957 τοῦ
1242 896 1314 976 βίου

224 995 351 1082 τελευτή
371 994 404 1063 τά
424 994 608 1081 ἐγχείρημα,
629 991 706 1070 ἴσως
725 985 765 1059 άν
783 997 838 1058 κατ’
853 993 1002 1080 ἐνήρξατο
1018 993 1075 1078 τῆς
1091 994 1231 1080 πορείας·
1259 992 1315 1056 νῦν

226 1100 263 1163 δὲ
278 1096 333 1162 ἐπὶ
348 1095 452 1181 θήραν
473 1092 530 1161 ι’άνν
540 1095 664 1180 ταῦρος
682 1093 768 1183 aditui
787 1089 984 1174 ὑπαντιάζει,
1004 1096 1104 1177 μένας
1118 1117 1153 1158 τε
1168 1089 1224 1157 καὶ
1237 1087 1315 1172 ὑψί-

200 1211 352 1284 coeptae„
374 1195 412 1263 ari
432 1219 494 1260 των
511 1197 673 1261 retrardo
701 1194 802 1279 δήπου
818 1192 1012 1258 τούτωνκαὶ
1030 1191 1212 1278 α’ροτήρων,
1248 1190 1315 1254 ἀλλ’

220 1292 378 1376 άλονόμος
393 1299 446 1360 καί
461 1285 572 1381 ὄρειος,
594 1292 650 1359 καί
664 1301 730 1370 τοῖς
743 1297 853 1380 κέρασι
869 1290 905 1358 τά
922 1284 1089 1358 ἀντίπαλον
1108 1288 1350 1377 stupratoris

226 1393 405 1480 βουβάλους
422 1387 511 1476 οἶμαι
528 1393 602 1459 τάδε
622 1391 657 1459 τά
677 1393 925 1478 perornaretur.
965 1383 1105 1457 πλεῖστοι
1124 1392 1160 1456 δὲ
1177 1387 1241 1455 άνά
1263 1387 1317 1474 τήν

224 1494 325 1582 eucig
344 1485 474 1579 ήπειρον
492 1496 649 1574 νέμονται·
671 1485 872 1578 άμφηρεφεῖς
887 1515 921 1556 τε
939 1487 997 1575 γάρ
1011 1487 1054 1569 ’,αἱ
1074 1488 1181 1571 νάπαι,
1202 1485 1261 1553 κατ’
1277 1485 1316 1551 τά

224 1584 284 1677 Ιὅρη
306 1589 419 1673 λάσια,
464 1590 520 1659 καὶ
536 1591 732 1676 δυσχείμερα
751 1588 790 1656 τά
804 1591 927 1676 χωρία,
947 1584 1065 1654 ,άπασι
1084 1591 1120 1653 δὲ
1136 1589 1261 1664 τούτοις
1280 1609 1314 1650 το

224 1693 305 1769 ζῶον
327 1686 617 1777 ήδεσθαιπέφυκε.
650 1692 760 1754 τοῦτον
780 1685 819 1775 δή
840 1682 897 1754 οὖν
920 1683 1164 1774 ὃΘτυδιβερτας
1179 1683 1213 1750 ἔκ
1231 1708 1316 1760 τινος

223 1787 325 1873 νάπης
339 1785 418 1854 ἰδών
431 1782 631 1874 άναδοράντα
648 1792 703 1853 καὶ
721 1785 946 1875 ἐπερχόμενον,
976 1785 1112 1874 εἱστήκει
1134 1778 1172 1850 εὖ
1189 1782 1349 1867 διαβάς,ιὸ

224 1888 270 1964 cic
280 1888 323 1979 τῷ
337 1885 448 1972 δόρατι
463 1887 685 1952 ὑπαντιάσων·
713 1885 789 1968 ὅδὲ,
805 1884 914 1972 ἐπειδή
932 1885 1033 1970 άγχοῦ
1047 1884 1190 1971 ἐγεγόνει,
1206 1886 1246 1972 τῇ
1261 1883 1314 1970 ῥο-

149 2036 154 2058 r
223 1991 267 2079 πή
281 1988 335 2054 τοῦ
354 1984 473 2074 δρόμου
497 1985 667 2073 φερόμενος
689 1986 723 2065 ἒς
737 1988 867 2072 δένδρον
881 2012 913 2052 τι
937 1988 1002 2053 ταῖν
1026 1981 1064 2050 σά
1080 1984 1152 2051 λίαν
1167 1983 1313 2068 μεγάλων

298 2123 319 2158 ι.
338 2105 369 2158 ἐν
384 2102 475 2176 Θρᾴκῃ
493 2103 554 2158 add.
570 2122 604 2160 ex
614 2106 645 2158 ll.
661 2113 690 2158 et
704 2106 800 2175 lntpr„
821 2105 893 2175 vulg.
912 2105 1027 2160 lacunae
1044 2104 1157 2176 signum.
1238 2119 1265 2157 τ.
1278 2096 1314 2156 ἄν

295 2175 391 2226 addidi
407 2193 439 2231 cs
451 2177 481 2228 li.
592 2175 730 2245 βαλέσθαι
746 2179 794 2239 tt,
805 2176 941 2243 λαβέσθαι
954 2178 1024 2249 vulg.
1111 2177 1136 2228 3.
1161 2168 1189 2242 γ’
1199 2171 1313 2226 ἐκείνου

294 2248 335 2310 Β,
354 2261 388 2315 γε
413 2246 523 2301 ἐκείνου
543 2247 614 2318 vulg.
719 2245 743 2315 ή.
758 2247 951 2317 τεκμηριῶσαι
966 2249 1011 2313 tt,
1028 2245 1220 2317 τεκμηριοῖσαι
1242 2243 1315 2295 vul.

295 2320 321 2370 6.
333 2314 566 2386 drdpslarlrugd.
584 2327 613 2370 et
630 2315 727 2370 Suidas
747 2335 767 2369 s.
781 2332 805 2367 v.
823 2316 999 2387 ἔμπληκτος,
1020 2314 1140 2388 ἀνδρίαν
1155 2316 1183 2365 li.
1208 2322 1237 2366 et
1252 2260 1313 2366 edd.

294 2406 318 2457 7.
339 2383 371 2440 τὸ
390 2390 544 2459 ἐγχείρημα
557 2390 596 2452 li,
621 2390 671 2439 καὶ
691 2377 723 2439 τά
738 2388 819 2457 ἔγχει
838 2404 895 2458 ήμα
908 2389 980 2458 vulg.
1049 2406 1075 2458 9
1093 2385 1152 2439 τῶν
1166 2388 1315 2437 τιδασσιιῑν

294 2457 386 2522 δήπου
402 2457 511 2511 τούτων
527 2460 575 2509 καὶ
589 2457 736 2528 ἀροτήρων
755 2475 805 2510 em.
820 2403 965 2521 inlocali,
1003 2476 1065 2510 uam
1075 2458 1238 2510 confirmant
1250 2457 1329 2515 liet

294 2529 400 2598 lntpr.,
426 2529 496 2598 vulg.
511 2528 550 2596 τῷ
567 2530 678 2598 caducei
693 2525 785 2594 δήπου
801 2526 891 2597 τούτῳ
915 2531 965 2580 zai
984 2477 1121 2600 dpotq'pp.
1165 2527 1314 2578 τιθασσιόν

225 2636 229 2642 -
292 2615 342 2668 pro
366 2602 493 2651 τιθασῶν
517 2601 545 2651 li.
653 2616 694 2655 ιο.
718 2601 781 2652 Post
801 2596 893 2668 ὄρειος
918 2598 978 2651 add.
1001 2600 1103 2670 lntpr.:
1125 2598 1267 2670 firusque
1288 2609 1314 2649 et

237 2734 242 2741 ι
292 2681 444 2739 cornupeta
464 2681 492 2724 ιτ
511 2686 614 2741 magno
633 2671 759 2740 corporis
778 2671 857 2725 mole.
960 2687 998 2726 ια.
1020 2670 1113 2741 ἐκείνῃ
1132 2669 1179 2730 Ν.,
1202 2669 1314 2732 ἐκείνην

181 2796 183 2804 y
291 2739 361 2808 vulg.
379 2749 407 2791 et
421 2742 449 2792 ll.
559 2736 907 2798 sidnacestrensem
1017 2741 1056 2796 ro.
1072 2734 1257 2808 άναθορόντα
1275 2740 1314 2801 λλ..

243 2802 250 2821 '
289 2807 454 2882 άνθορόντα
467 2811 537 2882 vulg.

225 2914 323 2978 luisse3
344 2912 391 2968 sed
412 2914 467 2967 sive
487 2916 517 2968 in
537 2914 690 2975 Thraciam,
709 2915 766 2966 slve
784 2914 814 2968 in
832 2912 939 2981 Illyrios
956 2912 1092 2976 venisset,
1112 2912 1141 2964 in
1158 2911 1313 2980 praesidis-

225 2985 278 3038 rias
296 2984 330 3036 iis
348 2987 378 3038 in
398 2985 465 3038 locis
484 2988 665 3039 Romanorum
678 2986 800 3054 legiones
817 2982 969 3047 incidisset,
987 2985 1159 3053 turpiterque
1174 2985 1312 3052 periisset.

224 3054 280 3106 Sed
293 3052 346 3106 hoc
365 3056 455 3123 ipsum
475 3057 549 3127 quod
568 3056 735 3110 eiuscemodi
752 3055 897 3107 consilium
912 3055 1004 3107 animo
1015 3055 1194 3123 concepisset,
1215 3056 1315 3106 etvel·

222 3125 263 3174 let
289 3130 318 3175 et
337 3133 462 3192 optaret,
479 3143 643 3199 omnemque
666 3126 741 3196 quod
765 3124 801 3176 ad
825 3141 854 3177 se
864 3127 974 3188 {attinet
991 3124 1025 3176 ad
1044 3123 1096 3177 hoc
1114 3125 1235 3193 lapidem
1252 3141 1314 3177 mo·

166 3211 168 3216 ¹
222 3195 324 3255 visset,
349 3195 554 3248 evidentissimo
574 3204 732 3267 argumento
752 3213 810 3247 esse
828 3204 935 3264 potest,
962 3195 1049 3266 qualis
1070 3195 1118 3247 ille
1135 3195 1195 3257 vir,
1213 3213 1314 3266 quam·

222 3280 278 3345 τρυε
296 3263 372 3320 ferox
388 3272 417 3316 et
433 3281 559 3331 arrogans
573 3268 665 3330 suerit,
683 3269 786 3336 quippe
799 3267 847 3334 qui
863 3266 982 3319 furorem
997 3266 1237 3336 temeritatemque
1246 3262 1313 3332 ‘for-

222 3331 377 3394 altudinem
388 3351 446 3387 esse
461 3337 643 3396 existimabat.
670 3337 731 3388 Nisi
749 3337 822 3388 enim
833 3337 905 3390 vitae
920 3337 981 3388 finis
998 3345 1108 3389 conatus
1119 3336 1210 3404 ‘ipsius
1229 3345 1311 3389 ante-

221 3405 357 3465 vertisset,
378 3407 581 3474 expeditionem
597 3407 666 3460 hanc
688 3423 826 3476 aggressus
840 3407 944 3465 fuisset.
981 3407 1060 3459 Nunc
1077 3423 1141 3458 vero
1160 3423 1246 3477 quum
1262 3423 1311 3459 ve-

222 3481 317 3528 natum
335 3474 441 3537 ivisset,
468 3484 561 3530 taurus
580 3478 606 3530 el
624 3480 719 3548 ingens
735 3484 763 3529 et
780 3478 894 3530 excelsis
911 3479 1039 3531 cornibus
1057 3477 1196 3546 praeditus
1211 3493 1313 3528 occur-

223 3545 275 3608 rit,
312 3562 368 3597 non
387 3545 491 3598 domito
509 3548 618 3600 cuidam
636 3558 665 3600 et
691 3547 791 3602 aratori
813 3555 891 3601 muro
910 3549 1025 3613 similis,
1058 3547 1107 3599 sed
1133 3549 1258 3599 silvester
1282 3556 1312 3600 et

221 3624 377 3677 montanus,
396 3623 425 3668 et
444 3617 580 3687 quidquid
596 3616 706 3671 obvium
718 3616 811 3682 habet,
830 3619 996 3689 disperdens.
1034 3618 1162 3679 Bubalos‚
1180 3619 1222 3668 uti
1234 3618 1312 3671 arbi·

222 3693 296 3749 tros,
323 3684 376 3738 hoc
394 3703 479 3755 genus
497 3688 539 3738 illi
559 3690 712 3757 appellant3
737 3690 867 3756 plurimos
885 3707 950 3743 vero
969 3690 1023 3742 fert
1043 3689 1092 3739 illa
1109 3689 1190 3758 regio.
1228 3689 1312 3741 Den-

221 3755 346 3809 sissimae
364 3758 437 3808 enim
462 3759 492 3818 in
512 3776 542 3810 ea
563 3759 659 3824 silvae,
686 3759 793 3813 horridi
809 3768 929 3823 montes,
960 3769 988 3812 et
1009 3767 1109 3811 tractus
1128 3757 1310 3828 frigidissimi,

221 3824 322 3894 quibus
347 3827 474 3880 omnibus
497 3829 613 3897 gaudere
639 3832 709 3884 solet
734 3819 786 3884 iroc
808 3830 916 3882 animal.
961 3831 1050 3899 Quem
1068 3829 1180 3900 quidem
1198 3836 1310 3881 taursrm

220 3898 392 3964 conspicatus
410 3897 611 3953 Theodibertus
635 3919 650 3954 e
679 3903 746 3953 saltn
773 3900 892 3971 quodam
916 3901 1105 3968 prosilientem
1127 3908 1210 3971 atque
1228 3902 1259 3952 in
1278 3918 1308 3952 se

218 3965 383 4029 irruentem,
424 3973 548 4023 constitit
574 3980 710 4044 tamquam
738 3971 814 4023 hasta
827 3964 1007 4024 loccursurus.
1044 3972 1150 4023 Taurus
1169 3987 1233 4024 vcro
1253 3973 1308 4024 iam

219 4037 333 4109 propior
355 4038 457 4105 factus,
489 4042 593 4112 impetn
611 4061 703 4097 cursus
723 4040 828 4093 delatus
847 4043 877 4093 in
896 4040 1019 4093 arborem
1037 4041 1173 4111 quandam
1191 4059 1247 4094 non
1267 4042 1308 4094 it'a

219 4122 355 4176 maguam,
382 4109 469 4162 fronte
489 4121 517 4164 et
529 4113 657 4165 cornibus
675 4130 733 4163 eam
749 4113 826 4173 ferit,
855 4119 882 4162 ct
897 4111 1026 4164 stibverea
1043 4121 1101 4164 tota
1117 4111 1214 4164 arbore
1232 4113 1305 4164 etin

219 4177 306 4235 tolum
328 4179 454 4251 depressa
462 4220 471 4245 ,
502 4186 633 4252 maximus
654 4183 767 4256 quidam
786 4199 819 4236 err
834 4183 886 4263 iis,
918 4183 967 4255 qui
983 4183 1049 4238 inde
1067 4182 1198 4235 confracti
1226 4189 1305 4237 erant

1335 3380 1352 3409 f
