2738 4816
534 210 770 297 naumann
921 176 932 195 u
1142 235 1182 296 rx

106 385 410 449 stitissetVulcaniano‚
427 387 692 458 quamquamexigua
705 404 765 458 spes
782 385 818 439 de
826 384 899 441 libro
915 392 986 441 esset
1001 389 1049 462 qui
1065 388 1115 442 rub
1132 405 1181 442 an-

105 511 180 547 num
193 490 270 562 1594.
278 491 375 543 frustra
388 488 484 542 fuisset
500 489 655 562 requisitus,
670 489 726 545 adii
741 498 833 544 tamen
845 507 895 562 per
908 491 1012 544 litteras
1022 492 1182 559 limonium,

107 615 140 654 v.
160 597 206 660 cl,
228 596 252 647 si
267 594 338 646 forte
352 589 438 646 codex
454 593 505 645 iste
521 593 653 658 inveniri,
670 600 768 666 atque,
785 594 835 646 illo
848 595 1027 659 conciliante,
1044 613 1108 648 usus
1123 596 1182 648 eius

109 716 129 750 a
150 701 277 752 Praetore
295 703 380 767 atque
399 695 598 750 Decurionibus
617 696 737 750 obtineri
757 704 856 768 posset.
882 698 943 768 Egit
957 698 1095 752 Passovius
1115 705 1184 751 stre-
1223 739 1224 742 ,

108 802 250 854 nuissime
260 817 289 853 ac
302 798 457 852 felicissime
471 816 578 851 causam
591 816 690 865 meam,
708 817 756 853 seu
770 801 861 870 potius
881 802 1048 861 litterarum,
1072 787 1186 871 quarum
1251 791 1254 814 '

108 905 202 960 laude
214 903 289 956 floret
294 905 368 973 ipse:
386 918 475 972 neque
487 904 590 958 minore
600 904 739 957 voluntate
750 922 814 958 usus
823 920 881 958 sum
893 911 1002 957 senatus
1017 903 1183 976 splendidis·

110 1008 182 1058 simi
209 1006 364 1077 municipii3
386 1014 440 1076 qu'o
464 1005 577 1059 iubente
606 983 691 1060 codex
704 1005 757 1060 buc
779 1009 949 1061 transmissus
975 1014 1023 1060 est
1057 1008 1125 1060 E'urn
1141 1006 1185 1060 bis

111 1108 295 1172 contulimus,
323 1125 360 1166 ue
376 1108 443 1178 quid
457 1127 521 1184 non,
535 1110 749 1164 animadversum
770 1118 936 1165 remaneret:
962 1126 1025 1164 nam
1042 1111 1130 1181 primo
1153 1108 1184 1162 id

112 1210 331 1264 fecitClassenua
341 1212 429 1264 solus:
446 1210 545 1266 deinde
553 1214 651 1266 iterum
660 1221 689 1267 et
700 1214 748 1267 ille
761 1221 789 1267 et
801 1231 859 1284 ego;
867 1211 918 1266 hac
924 1215 1029 1267 ratione
1038 1221 1069 1266 nt
1079 1229 1128 1283 per
1139 1210 1181 1266 vl-

43 1333 45 1338 ⁴
113 1330 162 1366 ees
173 1314 240 1365 alter
250 1315 407 1383 impressum
420 1314 490 1367 alter
501 1318 630 1386 scriptum
642 1316 761 1370 codicem
769 1324 816 1369 aut
826 1317 1049 1387 praelegeretaut
1066 1315 1185 1384 inspice-

113 1423 168 1470 ret
187 1417 281 1488 Itaque
290 1417 320 1470 id
332 1416 465 1487 spondere
477 1418 564 1472 audeo
571 1420 600 1471 in
613 1418 666 1472 boc
673 1437 771 1490 genere
782 1419 853 1474 nihil
870 1421 1014 1490 fieriposse
1028 1419 1184 1472 accuratius.

186 1521 242 1572 Iam
255 1536 318 1573 vero
333 1521 446 1574 collecta
458 1522 622 1592 amplissima
634 1522 760 1576 lectionis
770 1526 907 1586 varietate,
922 1539 1005 1592 quum
1022 1520 1104 1574 exhis
1114 1536 1185 1591 quae

114 1623 177 1693 ipse
194 1623 341 1678 Vulcanius
359 1625 460 1679 fatetur
475 1625 630 1695 colligerem
644 1624 797 1695 typothetae
815 1640 1010 1696 nonnunquam
1029 1622 1059 1674 in
1074 1621 1187 1692 expedi-

114 1725 199 1779 endas
210 1727 321 1793 codicis,
338 1731 386 1799 qui
407 1729 524 1780 nuncin
540 1727 711 1798 lugdunensi
725 1726 893 1781 bibliotheca
909 1732 1037 1791 servatur,
1054 1726 1187 1796 scriptura

113 1845 232 1894 errasse,
248 1830 327 1883 valde
341 1831 467 1903 optabam
482 1839 513 1884 ut
524 1832 639 1884 varietas
654 1829 833 1902 llehdigerani
848 1830 914 1884 libri
936 1804 996 1882 cunr
1013 1827 1188 1899 lugdunensi

114 1933 235 1984 conferri
256 1942 355 2002 posset
398 1935 493 2007 Neque
515 1935 568 1996 boc
590 1952 679 1988 meum
697 1934 862 1988 desiderium
883 1933 982 1987 frustra
1004 1949 1062 1986 esse
1079 1946 1189 2000 passum

13 2054 18 2059 ·
113 2042 160 2086 est
178 2035 339 2090 incredibile
357 2036 463 2103 Geelii,
478 2052 502 2089 v.
520 2037 552 2090 cl.
571 2037 731 2102 litterarum,
758 2054 824 2108 quas
843 2045 898 2091 tam
914 2035 1018 2106 egregie
1042 2041 1121 2087 ornat
1140 2049 1188 2085 ex·

114 2138 248 2208 colitque,
268 2141 342 2193 omni
359 2143 499 2194 occasione
518 2141 609 2193 oblata
625 2118 800 2194 iuvandarum
815 2138 990 2203 desiderium,
1008 2155 1068 2191 cum
1086 2153 1188 2190 summa

113 2257 229 2310 ergame
243 2240 433 2297 benevolentia
444 2244 626 2301 coniunctum.
643 2246 677 2297 ni
691 2245 813 2314 igitur-
829 2244 881 2308 cui,
891 2242 965 2315 quod
974 2259 1058 2296 unum
1069 2256 1187 2312 possum,

113 2344 242 2414 ingentes
261 2347 358 2416 gratias
377 2365 421 2400 me
439 2345 540 2415 habere
558 2347 626 2400 mihi
642 2350 764 2401 conscius
779 2363 853 2410 sum,
864 2375 895 2388 -
929 2343 982 2399 hoc
1005 2344 1092 2398 debeo
1114 2341 1189 2413 quod

112 2449 232 2501 varietas
248 2449 438 2528 Iiehdigeranax
451 2466 511 2504 cum
525 2451 698 2522 Lugdunensi
715 2450 786 2503 libro
805 2449 1004 2503 accuratissime
1017 2448 1116 2500 coliata
1132 2452 1187 2511 est;

113 2551 204 2622 idque
224 2569 285 2605 cum
296 2571 391 2625 magna
409 2557 499 2630 operis
514 2556 568 2606 mei
583 2555 720 2607 utilitato:
740 2554 864 2607 constitit
876 2555 948 2606 enim
966 2554 996 2605 in
1008 2549 1081 2604 baud
1094 2549 1188 2621 paucis

110 2655 185 2706 locis
198 2654 353 2722 dissensum,
371 2661 419 2729 qui
435 2659 506 2711 inter
519 2661 632 2728 scriptos
641 2657 725 2711 libros
742 2654 960 2720 essevidebatur,
979 2662 1067 2707 ortum
1085 2669 1143 2706 esse
1158 2652 1188 2704 in

113 2757 240 2811 editione
248 2759 421 2813 Vulcaniana.
440 2763 632 2817 Verumtamen
645 2764 684 2814 sic
694 2772 803 2834 quoque
813 2768 904 2814 manet
916 2767 991 2812 tanta
1000 2759 1072 2810 inter
1086 2764 1189 2808 utrum-s

58 2924 60 2931 Ι
113 2879 174 2932 que
191 2863 310 2917 codicem
321 2863 471 2930 diversitas,
488 2873 528 2930 ut,
541 2866 564 2918 si
573 2881 693 2937 unquam
708 2863 755 2917 bic
775 2871 857 2928 certe,
873 2863 937 2915 duas
945 2860 1079 2914 librorum
1089 2860 1187 2926 stirpes

113 2981 269 3021 cernamus.
309 2967 422 3021 Variani
451 2969 522 3021 enim
548 2970 620 3021 inter
650 2984 678 3021 se
704 2967 859 3036 saepissime
884 2981 939 3017 non
966 2963 1052 3014 solum
1082 2959 1131 3011 ubi
1158 2959 1188 3011 in

111 3068 204 3120 altero
231 3071 362 3139 scriptura
387 3079 512 3142 corrupta
541 3077 595 3134 est,
621 3085 714 3122 verum
740 3071 821 3121 etiam
846 3067 896 3121 ubi
924 3063 995 3118 nibil
1019 3065 1102 3117 refert
1125 3071 1187 3116 utro

111 3169 198 3224 modo
218 3172 327 3242 legatur.
346 3176 378 3227 In
394 3152 440 3226 'his
456 3175 580 3244 vulgatae
597 3148 747 3237 inbaesmr,
768 3187 850 3242 quum
870 3171 951 3240 plane
968 3175 1095 3239 appareat
1112 3165 1189 3220 codi-

93 3291 175 3341 cem
195 3291 228 3328 ex
250 3294 304 3347 quo
329 3279 460 3348 originem
479 3277 554 3330 ducit
570 3276 708 3329 inferioris
726 3292 783 3328 esse
801 3282 883 3327 notae
893 3313 901 3339 ‚
926 3271 1007 3325 nimis
1025 3270 1116 3325 timidi
1141 3277 1189 3322 aut

110 3381 360 3449 superstitiosi5—
382 3398 417 3433 ex
449 3388 567 3454 utroque
590 3397 640 3452 pro
668 3379 781 3433 arbitrio
812 3378 997 3432 recensionem
1026 3374 1188 3444 confingere,

110 3481 254 3534 temerarii
269 3483 341 3536 soret
355 3482 481 3544 hominia
526 3485 581 3552 Ego
600 3483 629 3535 id
644 3483 712 3535 mibi
726 3456 878 3536 iaciendum
897 3497 954 3533 esse
974 3479 1032 3532 vidi
1053 3476 1126 3548 quod
1143 3476 1190 3527 fe-

110 3585 200 3637 cisset
215 3587 400 3659 unusquisque
417 3586 552 3645 cordatior
569 3586 664 3651 bomo,
697 3572 741 3638 cui
763 3585 809 3637 bic
828 3588 943 3655 scriptor
966 3582 1082 3653 primum
1101 3577 1188 3632 eden-

61 3678 67 3688 ’
109 3687 167 3740 dus
189 3688 220 3740 in
236 3696 352 3760 utroque
369 3689 463 3744 codice
480 3690 587 3744 oblatus
607 3670 721 3744 suisset:
741 3689 962 3757 praestantiorem
982 3688 1012 3738 in
1033 3684 1188 3736 universnm

108 3789 189 3842 milri
208 3765 376 3862 sequendum
396 3794 490 3864 elegi,
514 3795 555 3847 ita
577 3801 669 3847 tamen
690 3799 722 3845 ut
739 3795 843 3871 animus
860 3791 932 3846 liber
945 3808 971 3868 a
996 3787 1188 3857 superstitione

108 3900 244 3962 corrupta
261 3910 295 3946 ex
309 3895 394 3950 altero
413 3899 576 3958 emendaret.
762 3964 763 3968 Ἰ

186 3995 250 4067 Qua
266 3997 326 4068 lege
343 4016 426 4070 quum
444 4001 473 4053 in
482 4001 649 4057 conficienda
661 4002 819 4057 recensione
834 4013 961 4060 versarer,
986 3995 1151 4047 coniecturas
1159 3992 1189 4042 in

106 4115 178 4162 catil
194 4100 240 4159 Vi¹
252 4099 368 4165 radmisi:
398 4112 461 4166 sunt
479 4113 569 4159 tamen
587 4105 659 4160 inter
676 4106 751 4165 locos
769 4104 818 4158 ubi
836 4111 951 4174 uterque
970 4097 1054 4152 codex
1072 4096 1101 4147 iu
1122 4093 1188 4147 tilio
