2730 4816
220 234 278 324 86
653 252 870 327 servaram

67 433 98 491 Δ.
118 418 259 506 (3.553τῷ
277 414 357 507 ἕργιρ
372 408 560 505 άνῄρνγνεαι,
580 407 662 480 ὥστε
684 407 793 496 ductu
815 411 876 500 πρὸ
906 414 962 496 τῆς
981 410 1087 498 μάχης
1113 404 1188 489 τούς
1201 405 1308 500 'Ain-⁴

110 505 324 592 limatior
364 518 506 602 (λέγεται
529 511 590 600 γάρ
615 506 720 600 ciros)
743 507 903 597 χιμάρους
925 511 1114 597 ἰσαρίθμους
1139 513 1202 576 τῶν
1219 512 1303 576 ἄπο·

177 622 202 674 D
216 615 375 695 λουμένων
395 614 557 694 δυσμενῶν
581 611 623 697 τῇ
641 604 807 694 Ἀρτέμιδι
836 607 949 674 θύσειν
989 605 1238 694 άπειλήσαντας,
1268 614 1303 687 ές

217 715 367 777 τοσοῦτον
380 714 451 800 ἵλεῳ
469 713 610 792 ἐντυχεῖν
629 708 668 795 τῇ
686 703 877 797 Ἀγροτέρᾳ,
906 706 961 772 καί
975 702 1151 773 άπύνασθαι
1171 713 1228 794 τῆς
1247 704 1304 773 εύ-

216 809 349 894 θηρίοις,
383 811 414 885 ἒς
432 803 505 872 ὅσον
522 805 566 891 μὴ
587 808 673 883 οἵους
688 829 722 870 τε
746 809 894 890 γενέσθαι
915 804 950 871 τὸ
966 803 1172 892 χαριστήριον
1190 807 1322 876 ducti-5

134 924 279 996 unone,
298 904 371 972 ’ἀλλ’
388 911 541 974 ἐπιλιπεῖν
556 909 717 987 θυομὲνας
739 904 787 970 ἔτι
808 904 867 982 τάς
892 901 998 991 αἶγας,
1027 907 1082 969 καί
1102 902 1181 992 πρὸς
1207 900 1300 971 άντί-

214 1008 302 1071 δοσιν
319 1005 364 1091 μὴ
385 1008 558 1091 διαρκέσαι.
611 1001 729 1090 Ξέρξης
746 1006 781 1067 δὲ
800 1005 915 1079 ἐκεῖνος
935 1001 951 1068 ὃ
969 1002 1070 1085 πάνυ,
1100 1007 1155 1068 καί
1177 1002 1219 1068 τά
1242 1007 1303 1069 τού

213 1101 331 1190 Ξέρξου
346 1104 518 1186 θαύματα,
529 1104 574 1189 τῷ
594 1095 655 1188 άρα
674 1127 708 1186 γε
724 1099 829 1191 τρόπιρ
846 1099 908 1166 ύπὸ
922 1105 987 1167 ’τῶν
1011 1099 1162 1188 Ἑλλήνων
1179 1101 1302 1188 νενίκη-

212 1229 285 1289 ται,
305 1199 326 1288 ἢ
348 1200 398 1292 ὅτι
414 1202 432 1266 t
448 1206 507 1289 μὲν
521 1199 648 1281 άλαζούν
666 1227 701 1266 τε
720 1197 831 1287 ἦνκαὶ
849 1197 1048 1283 ἀτάσθαλος,
1070 1205 1125 1265 καί
1142 1205 1303 1266 καταδου-

211 1300 386 1384 λωσὸμενος
401 1295 450 1389 ᾔει
466 1299 541 1379 τούς
561 1297 655 1366 ούδέν
671 1299 875 1386 ἠδικηκότας,
897 1298 980 1390 μύνιρ
998 1325 1033 1365 τε
1050 1302 1094 1388 τῷ
1113 1299 1228 1384 πλήθει
1246 1299 1340 1368 ντί-ιο

212 1423 304 1477 συνος
332 1404 388 1467 καί
419 1403 457 1488 τῇ
469 1402 531 1465 τῶν
543 1395 646 1465 ὅπλων
659 1401 852 1486 παρασκευῇ,
880 1394 1029 1488 εύβουλίρ
1049 1394 1086 1462 ού
1101 1395 1187 1480 μάλα
1206 1400 1304 1484 ἐχρῆ-

211 1523 259 1564 το·
280 1499 310 1564 οἱ
330 1500 369 1563 δέ
382 1493 452 1564 ὅσιά
466 1524 501 1583 γε
517 1501 663 1586 δρῶντες,
676 1497 758 1584 ύπὲρ
777 1501 834 1582 τῆς
849 1501 1003 1585 σφετέρας
1016 1496 1198 1583 ἐλευθερίας
1217 1491 1306 1580 η’μύ-

143 1605 324 1682 ΒλῚνοντο,
354 1593 446 1663 ούδέν
466 1592 577 1674 αύτοϊς
593 1595 657 1662 τῶν
682 1597 715 1674 ές
736 1597 870 1678 δύναμιν
890 1599 1099 1682 παρειμένον,
1129 1589 1208 1658 cilici
1226 1600 1306 1674 βου-

206 1693 373 1778 λευόμενοί
391 1719 426 1761 τε
449 1695 489 1760 τά
514 1698 634 1761 ’δέοντα
665 1694 720 1759 καί
745 1698 976 1774 ε’πιτελούντεςς
997 1691 1048 1785 τά
1076 1696 1111 1758 δὲ
1135 1695 1304 1759 Γυλίππου

209 1792 346 1881 τρόπαια
364 1796 423 1858 τού
438 1780 648 1878 Σπαρτιάτου,
671 1791 728 1878 τήν
748 1817 781 1856 τε
799 1793 917 1859 Νικίου
931 1791 987 1856 καί
999 1794 1223 1877 Δημοσθένους
1245 1792 1342 1857 xor-15

208 1890 359 1974 τάλυσιν,
388 1889 442 1956 καί
464 1886 588 1980 ἅπαντα
602 1888 641 1956 τά
658 1893 693 1955 ἒν
718 1889 937 1977 Συρακούσαις
950 1888 1049 1974 κακά,
1079 1892 1148 1972 μῶν
1167 1883 1305 1956 illudar

205 1987 299 2078 εύροι
321 2014 368 2065 τις
386 1983 427 2055 άν
451 1993 638 2074 γεγενημένα
650 1983 686 2076 ἢ
705 1993 738 2068 ἐξ
756 1988 864 2065 άνοίας
879 2013 913 2053 τε
942 1988 997 2053 καί
1012 1985 1155 2079 οἷδικίαςς
1185 1988 1224 2053 τί
1236 1987 1301 2077 γάρ

208 2084 380 2175 ἧβούλοντο
405 2089 436 2152 οἱ
448 2083 639 2172 Ἀθηναῖοι,
668 2085 746 2165 τούς
771 2090 826 2153 ε’πί
841 2085 959 2174 θύραις
975 2087 1142 2169 πολεμίους
1158 2079 1303 2174 ύφέντες,

209 2185 240 2253 οἱ
256 2188 292 2252 δέ
317 2182 361 2262 οἷς
384 2179 581 2273 πορρωτάτω
598 2185 834 2271 ἐπιστρατεύειν
853 2185 909 2250 καί
929 2185 1138 2269 λυμαίνεσθαι
1156 2190 1194 2273 τῇ
1212 2191 1304 2252 Σικε-

208 2285 280 2374 λίρις
314 2282 414 2349 πολλά
437 2286 498 2366 μὲνΥ
516 2277 574 2349 ούν
598 2285 654 2349 καί
680 2287 773 2369 ἕτερα
803 2282 872 2368 ἔχοι
893 2310 943 2364 τις
970 2278 1010 2349 dr
1042 2280 1340 2370 ύπαριθμεῑσθαικο

209 2381 392 2470 ἀφροσύνης
408 2406 444 2448 τε
461 2384 516 2447 καί
532 2381 657 2459 άδικίας
675 2379 782 2447 τοιάδε
799 2380 945 2468 κυήματα
954 2435 964 2466 ,
986 2382 1042 2448 καί
1058 2377 1140 2457 ὅπως
1160 2382 1304 2448 σίνονται

207 2479 282 2558 τούς
304 2482 506 2567 χρωμένους,
535 2478 617 2564 πλὴν
640 2476 794 2546 ἀλλὰκαὶ
811 2484 915 2546 ταύτα
934 2483 1072 2568 ἦγούμαι
1090 2476 1303 2567 άποχριύντως

274 2603 299 2638 2·
317 2586 456 2654 χιμαίρας
474 2586 501 2633 Β.
539 2585 563 2636 3.
583 2582 779 2705 ecps'AQtepude
799 2587 837 2649 Il,
846 2587 918 2656 vulg.
938 2585 1067 2637 articulus
1087 2585 1137 2636 dee
1154 2592 1191 2635 et„
1228 2585 1252 2654 4.
1265 2582 1300 2634 δ-

271 2653 422 2707 νιόνασθαι
439 2657 467 2705 R.
493 2653 571 2727 (ct),
609 2654 763 2709 πάνασθαι
791 2657 861 2726 vulg.
916 2653 1064 2725 εύκτηρέας
1082 2652 1166 2724 Lugd.
1185 2657 1215 2707 in
1249 2672 1300 2725 mg.

272 2728 298 2779 6.
317 2723 374 2775 αλλ’
393 2741 444 2777 om.
464 2727 493 2776 lt
636 2741 674 2779 ro.
698 2727 741 2790 εἴη
766 2728 796 2778 Β.
815 2745 839 2779 n.
858 2743 893 2778 m.
1002 2729 1041 2781 13.
1065 2727 1242 2796 παρειμένον
1260 2727 1302 2788 tt,

270 2797 454 2866 παρειμένων
473 2796 543 2867 vulg.
594 2793 632 2862 ri.
651 2796 789 2848 Ιυλλίπου
806 2796 887 2866 vulg..
964 2797 1003 2850 15.
1021 2794 1072 2860 viv
1093 2809 1123 2846 τε
1144 2797 1173 2847 Β.
1202 2793 1300 2864 Lugd.‚

273 2864 375 2935 τήνγε
394 2865 455 2918 edd.
531 2883 569 2934 ¹7·
588 2861 625 2917 άν
644 2867 694 2918 ins.
714 2882 747 2918 ex
767 2867 797 2919 Β.
873 2865 911 2921 18.
930 2864 1026 2917 olom.
1047 2867 1077 2917 Β.
1158 2883 1196 2935 ιρ
1219 2861 1297 2918 otte

272 2937 313 3001 lt,
336 2932 403 2989 ούδὲ
420 2936 490 3008 vulg.
526 2933 610 3008 Lugd.
625 2938 656 2990 in
672 2953 751 3008 marg.
770 2935 934 3004 adscriptum
952 2931 1052 2989 habet:
1080 2935 1213 2988 ἐλλείπει,
1231 2937 1298 2988 Βοσ.

271 3007 348 3060 Vuic
376 3014 424 3058 aut
449 3004 517 3058 ortt
551 3006 717 3071 delendum,
750 3015 799 3058 aut
825 3005 915 3063 άδεῶς
948 3006 1122 3061 scribendum
1160 3006 1298 3078 censebat.

272 3095 317 3133 οι.
333 3076 463 3148 κυήματα
480 3079 509 3129 Β.
518 3115 527 3143 ,
544 3080 627 3148 Intpr.
646 3077 787 3150 origines,
808 3076 936 3149 νοήματα
954 3079 1025 3148 vulg.
1294 3073 1299 3081 “

203 3185 273 3250 quot
284 3177 376 3232 hostes
394 3181 605 3246 interfecissent,
624 3181 692 3235 adeo
706 3183 855 3252 propitiam
867 3178 1016 3234 habuerint
1032 3181 1197 3234 venatricem
1211 3179 1301 3242 deam,

203 3250 327 3318 adeoque
349 3266 477 3320 prospere
493 3261 671 3317 venarentur,
690 3261 722 3304 ut
743 3260 867 3318 suscepta
887 3259 950 3303 vota
970 3253 1124 3320 persolvere
1143 3250 1301 3320 nequirent,

202 3317 252 3370 sed
268 3319 423 3371 sacrificatis
442 3320 525 3372 etiam
541 3323 652 3391 capellis
675 3337 822 3376 numerum
838 3337 976 3373 caesorum
992 3337 1142 3392 exaequare
1161 3338 1218 3372 non
1234 3337 1301 3387 pos-

202 3390 289 3440 sent(
315 3389 415 3441 Xerxes
437 3406 501 3443 vero
524 3391 572 3444 ille
594 3409 705 3462 magnus
733 3400 761 3444 et
778 3393 873 3443 Xerxis
885 3392 1029 3454 miracula,
1049 3408 1167 3462 quonam
1185 3391 1299 3443 obsecro

203 3458 285 3509 modo
301 3476 316 3510 a
330 3459 441 3512 Graecis
456 3459 527 3512 victa
540 3470 622 3526 sunt,
638 3480 721 3533 quam
736 3460 871 3531 quoditie
888 3462 999 3532 quidem
1015 3471 1043 3514 et
1053 3477 1179 3530 arrogans
1201 3469 1230 3512 et
1243 3461 1301 3513 ini-

203 3545 274 3599 quus
284 3536 355 3592 eret,
373 3537 401 3580 et
417 3545 463 3581 eos
476 3529 666 3601 subiugaturus
678 3540 825 3594 venerat,a
839 3532 938 3602 quibus
948 3534 1051 3585 nullam
1073 3532 1203 3582 iniuriam
1218 3548 1298 3583 acce-

202 3599 303 3668 perat?
323 3600 357 3651 Et
375 3601 432 3651 sola
456 3600 634 3654 multitudine
652 3618 840 3671 armorumque
861 3612 993 3671 apparatu
1008 3603 1111 3664 fretus,
1133 3609 1208 3654 recto
1228 3619 1297 3653 con-

203 3669 267 3720 silio
287 3686 343 3721 non
360 3669 505 3722 admodum
523 3670 659 3725 utebatur.
703 3672 799 3724 Graeci
814 3690 878 3725 vero
900 3690 987 3743 aequa
1015 3673 1147 3723 iacientes
1176 3688 1226 3739 pro
1251 3687 1302 3722 sua

201 3737 329 3791 libertate
348 3741 521 3811 pugnabant,
542 3740 615 3794 nihil
632 3743 722 3812 quoad
741 3744 799 3795 eius
822 3744 882 3796 fieri
901 3750 1011 3811 poterat
1037 3744 1301 3810 praetermittentes,
1338 3761 1342 3772 ’

201 3807 250 3860 sed
265 3809 338 3878 quod
354 3811 384 3863 ia
401 3829 458 3863 rem
468 3814 589 3881 ipsorum
602 3822 673 3865 esset
686 3823 713 3866 et
723 3814 906 3865 consultantes
924 3821 952 3864 et
966 3821 1153 3883 exsequentes.
1183 3812 1299 3881 Gylippi

200 3895 265 3932 vero
284 3878 492 3935 Lacedaemonii
510 3882 652 3953 trophaea,
673 3894 702 3937 et
718 3883 813 3936 Niciae
835 3882 1081 3952 Demosthenisque
1102 3882 1224 3944 cladem,
1238 3898 1300 3933 om-

202 3949 304 4018 niaque
328 3948 362 4001 ad
381 3952 522 4018 Syracusas
545 3955 632 4018 mala,
651 3972 716 4008 num
741 3953 854 4006 aliunde
873 3954 1007 4022 quispiam
1023 3953 1132 4005 fluxisse
1148 3954 1301 4020 comperiet

203 4035 284 4087 quem
298 4034 332 4071 ex
349 4023 468 4075 amentia
483 4027 587 4094 pariter
602 4034 629 4077 et
640 4027 680 4076 iai
721 4021 810 4092 itate?
828 4022 903 4092 Quid
918 4024 991 4075 enim
1005 4025 1059 4076 sibi
1073 4020 1300 4076 volebantAthe-

201 4089 328 4154 aienses,
361 4107 436 4155 eum,
457 4092 535 4148 hoste
555 4097 603 4165 qui
617 4113 666 4165 pro
682 4043 790 4147 iiribus
802 4102 862 4145 eret
874 4094 1013 4163 neglecto,
1034 4111 1112 4164 quam
1139 4092 1301 4161 longissime

201 4174 218 4214 a
249 4157 329 4217 domo
362 4163 511 4219 exercitum
536 4164 682 4230 ducerent,
709 4162 886 4239 Siciliamque
905 4163 1088 4222 infestarent?
1104 4164 1205 4219 Posset
1232 4179 1299 4219 vero

1091 4295 1116 4323 d
