2730 4816
204 251 273 364 98
361 233 370 268 ²
478 288 479 291 κ
646 263 858 336 saaraim

60 447 94 498 Δ.
106 445 135 512 c.
147 430 355 516 554σίχθονος
373 429 546 518 πειρᾶσθαι
565 427 625 492 τοῦ
641 425 854 500 Ποσειδῶνος.
883 418 960 500 ἴσως
977 425 1036 505 μὲν
1058 415 1117 489 οῦν
1141 425 1173 490 εἰ
1188 420 1249 491 καί
1264 446 1297 492 τι

104 518 303 617 Ι’[’ἰίμέρος
322 534 376 617 τῆς
402 529 566 614 Αἰγύπτου
593 527 767 611 κεκίνηται,
788 522 859 588 ἀλλ’
885 518 942 587 οῦκ
958 521 1156 605 incestuosos
1169 524 1245 601 τοῦς
1258 525 1300 591 rol

206 634 340 696 τοιαῦτα
362 629 482 705 δεινοὺς
505 629 560 692 καί
573 621 676 711 έτὲροι
694 622 796 708 λόγοι,
824 626 867 687 δι’
888 615 933 688 ὧν
952 616 997 712 ,ἀν
1013 623 1069 687 καί
1082 621 1126 698 ἀς
1144 619 1164 708 ἦ
1181 626 1246 689 τῶν
1263 619 1304 689 ἀ-

207 734 296 812 τμιῦν
311 731 403 816 σφίσι
424 725 606 814 κρατῦνοιτο
626 721 709 801 δόξα.
752 720 869 806 ἐμοίδὲ
891 725 1052 804 δοκοῦσιν,
1083 723 1127 799 (ῦς
1147 726 1208 804 μὲν
1234 718 1304 789 οἷόν

208 854 241 894 τε
255 825 412 915 ἀνθρώπῳ
430 827 609 911 τεκμηρίοις
621 819 852 910 τισίῗλζρωμένηι
871 825 935 887 τῶν
954 819 1174 912 ἀδηλωνπέρι
1192 817 1322 887 διανο-5

209 933 326 1008 εἴσθαι,
340 927 377 991 οὗ
388 924 520 1007 πάμπαν
532 927 717 1008 διαμαρτεῖν
726 925 784 986 τοῦ
792 923 928 986 πιθανοῦ
939 919 994 985 καί
1002 922 1129 1003 εἰκότος,
1145 925 1204 986 τοῦ
1215 923 1253 986 δέ
1269 945 1306 1006 γε

133 1047 160 1102 Ρ.
168 1044 204 1107 53
212 1018 296 1102 ῦντος
308 1023 446 1110 ἀληθοῦς
460 1024 561 1112 πολλῷ
572 1016 808 1087 ἀπολειπεσθαι.
830 1024 897 1096 πῦς
906 1018 965 1107 γάρ
977 1015 1017 1087 ἀν
1028 1046 1075 1097 τις
1085 1026 1118 1099 ἐς
1128 1018 1164 1084 rt
1177 1015 1308 1106 ἀκριβὲς

209 1124 250 1191 τά
272 1121 383 1213 ἀφανῆ
398 1122 453 1188 καί
466 1122 622 1208 ὑπέρτερα
636 1120 789 1206 διαγνοίης
808 1112 935 1208 ἀπέχρη
952 1124 987 1187 δὲ
997 1117 1074 1206 *ipsiu
1091 1119 1155 1204 εἴγε
1171 1123 1307 1184 τοσοῦτο

209 1225 307 1310 μόνον
322 1225 487 1309 εἰδείημεν,
505 1223 548 1299 οἷς
560 1226 637 1311 θείῳ
653 1223 697 1311 νῷ
708 1224 762 1286 καί
776 1224 876 1310 βουλῇ
885 1221 1037 1308 κρείττονι
1055 1215 1178 1286 ἅπαντα
1200 1221 1309 1284 διατέ-

135 1331 136 1335 ’
210 1348 339 1407 τακται·
357 1319 483 1409 φῦσεως
503 1324 538 1388 δὲ
554 1318 660 1408 ἀρχὰς
675 1325 729 1386 καί
741 1318 876 1406 κινήσεις
892 1317 1013 1398 καίτάς
1026 1317 1156 1385 ἑκάστου
1174 1321 1240 1384 τιῦν
1256 1345 1302 1403 γι-
1310 1329 1344 1377 10

210 1425 351 1505 νομένων
363 1424 466 1497 αἰτίας
482 1431 609 1486 σκοπεῖν
619 1422 734 1508 μὲντηῦ
749 1418 829 1511 λόγῳ
847 1422 903 1487 καί
918 1423 1079 1508 διερευνηῖν
1094 1421 1133 1487 οῦ
1146 1423 1309 1494 παντελῶς
1332 1419 1334 1423 ’

112 1518 117 1525 ’
212 1515 549 1608 ἀχρηστον,ἰ’σωςυῦδέ
564 1513 663 1607 ἀχαρι
687 1520 857 1602 νομιστέον,
876 1517 958 1603 τόγε
972 1517 1176 1603 μὴνοίεσθαί
1195 1541 1229 1581 τε
1254 1519 1311 1583 καί

210 1621 398 1687 πεποιθέναι
414 1621 457 1698 ὥς
475 1619 597 1685 ἐνεστιν
619 1621 790 1706 ἐφικέσθαι
804 1622 861 1683 τοῦ
877 1610 971 1700 ῦντος,
991 1616 1042 1712 μη
1052 1642 1126 1682 ποτε
1142 1618 1310 1696 ἀλαζονείαν

209 1718 259 1805 εἴη
275 1719 312 1785 τδ
325 1724 444 1806 χρῆμα,
456 1723 512 1784 καί
527 1721 743 1804 ἀμαθέστερον
760 1721 813 1802 τῆς
829 1721 939 1802 διπλῆς
953 1722 1070 1802 ἐκείνης
1080 1718 1215 1802 ἀγνοίαις.
1239 1710 1310 1792 ἅλις

213 1824 273 1904 μὲν
287 1812 345 1885 οῦν
360 1817 479 1885 τούτων
495 1816 607 1903 ἔμοιγε.
631 1815 655 1881 ῦ
669 1820 704 1882 δέ
731 1815 816 1900 λόγος
834 1811 930 1892 αὖθις
947 1819 981 1892 ἐς
998 1812 1092 1882 αῦτὸν
1107 1817 1255 1882 ἐπανίτω.
1313 1808 1345 1873 ¹5

219 1912 221 1916 ⁷
298 1918 346 1994 ις’.
368 1919 452 1983 Κατ’
470 1920 568 1983 ἐκεῖνο
579 1914 639 2005 γάρ
652 1919 708 1982 τοῦ
725 1920 835 2003 καιροῦ
850 1919 906 1980 καί
921 1916 940 2002 ἦ
954 1918 1169 2004 Κῦςῆνῆσος,
1189 1915 1211 2002 ἦ
1230 1912 1311 2003 πρὸς

213 2022 256 2110 aqi
271 2023 405 2105 τέρματι
422 2019 482 2081 τοῦ
497 2018 636 2101 Αἰγαίου
657 2018 800 2101 κειμένη,
831 2013 972 2103 [ἐσείσθη
989 2021 1056 2096 καί]
1084 2015 1254 2100 ἐλάχιστόν
1278 2039 1310 2082 τι

190 2135 211 2185 Β
216 2121 314 2205 μέρος
330 2117 430 2203 αάτῆς
443 2119 621 2198 ἐσέσωστο,
644 2107 815 2201 ἧδέἀλλη
836 2110 944 2185 ἀπασα
963 2116 1153 2199 ἐπεπτώκει,
1182 2116 1311 2182 ποικιλα

213 2241 247 2282 τε
266 2214 344 2304 αἰτῇ
359 2215 415 2280 καί
431 2213 611 2302 ἀνήκουστα
627 2218 829 2301 προσεγένετο
844 2209 942 2300 πάθη.
983 2210 1005 2300 ἥ
1024 2239 1058 2280 τε
1085 2215 1144 2304 γὰρ
1161 2214 1310 2282 θάλαττα

285 2349 309 2400 7.
328 2327 398 2378 Num
418 2323 527 2382 butus?
572 2327 609 2381 ι5.
626 2325 749 2377 ἐπανίτω
758 2329 788 2381 R.
802 2323 883 2399 (cl),
902 2326 1040 2379 innostro
1061 2328 1128 2398 vulg.
1187 2334 1226 2384 16,
1246 2325 1304 2400 γάρ

281 2400 336 2452 τοῦ
353 2400 403 2453 ins.
422 2397 495 2449 exli
580 2415 617 2467 ¹7·
637 2398 822 2461 ἐσείσθηκαδ
838 2398 936 2451 addidi
955 2414 1016 2448 cum
1038 2399 1121 2469 Intpr.
1146 2397 1307 2461 insulae}-

283 2484 377 2523 terrue
395 2480 470 2520 motu
490 2482 639 2522 concussae
658 2486 725 2539 pers
742 2464 856 2523 minima
875 2482 989 2523 servato
1009 2481 1056 2522 cst.
1163 2473 1202 2523 18.
1221 2475 1311 2541 μέρος

283 2540 371 2604 αἰτεῖς
389 2541 436 2602 lt,
457 2535 516 2589 our.
535 2540 598 2608 μίρ.
617 2540 685 2606 vulg.
744 2558 782 2610 19.
804 2538 967 2592 ἀνύποιστα
985 2541 1031 2603 Β.,
1050 2545 1136 2607 Intpr.
1147 2535 1239 2613 fidem
1257 2560 1308 2596 ea-

284 2607 444 2665 cedentibus
460 2606 554 2662 mcls's.
642 2615 833 2680 προσεγένετο
853 2613 893 2693 l*
914 2611 1068 2681 ἐπεγίνετο
1086 2612 1157 2681 vulg.

215 2715 371 2776 obtineret,
400 2720 429 2765 et
448 2729 543 2783 parum
569 2712 703 2765 firmitatis
724 2713 827 2766 habere
849 2711 1116 2784 deprehenderetur,
1148 2716 1310 2770 metuebant

212 2784 398 2838 verisimiliter
415 2784 547 2853 praeclari
557 2784 600 2836 illi
614 2785 676 2844 viri,
689 2802 724 2836 ne
742 2788 772 2836 iu
791 2787 956 2849 contrarium
968 2786 1034 2853 ipsis
1052 2786 1161 2839 cederet
1172 2790 1312 2858 epigram-

214 2873 270 2919 ma,
293 2863 421 2937 tanquam
433 2855 586 2924 periculum
603 2855 675 2906 foret
692 2857 874 2924 inposterum
893 2872 927 2906 ne
944 2863 1051 2908 tantum
1064 2859 1228 2926 γαιήοχον,
1259 2861 1312 2914 hoc

214 2935 264 2991 est,
283 2933 468 2978 continentem
480 2934 590 2988 terram,
615 2941 707 2977 verum
731 2928 814 2978 etiam
834 2924 1026 2992 ἐνοσίχθονα,
1053 2927 1107 2980 hoc
1127 2938 1181 2992 eet,
1209 2949 1313 2984 concu-

213 2998 329 3049 tientem
354 3005 467 3060 terram,
482 2995 640 3064 Neptunum
662 2998 859 3063 experirentur.
901 2995 1031 3049 Fortassis
1067 2999 1176 3072 itaque,
1204 3004 1312 3054 etiamsi

138 3075 141 3081 '
215 3069 308 3137 aliqua
326 3066 442 3136 Aegypti
458 3080 520 3134 pars
534 3066 666 3130 moverit,
683 3084 739 3117 non
755 3066 872 3120 deerunt
884 3075 975 3119 tamen
995 3065 1089 3120 harum
1104 3088 1193 3121 rerum
1214 3074 1312 3140 peritis

215 3139 299 3189 etiam
320 3137 391 3187 aliae
411 3139 545 3200 rationes,
577 3151 627 3206 per
651 3153 717 3207 quas
738 3139 821 3190 etiam
841 3139 880 3190 sic
902 3138 969 3189 haec
994 3138 1144 3193 corum'de
1163 3145 1311 3212 vaporibus

215 3208 311 3275 opinio
324 3208 420 3258 valeat
457 3205 528 3257 Mihi
541 3218 603 3258 vero
616 3207 747 3259 videntur
761 3209 822 3271 illi,
841 3217 973 3279 quatenns
990 3210 1123 3278 possibile
1144 3219 1186 3263 est
1203 3210 1312 3266 homini

215 3275 313 3331 validis
329 3277 492 3346 argumentis
506 3278 595 3330 utenti
610 3277 644 3329 ad
663 3294 752 3330 rerum
772 3279 955 3330 abstrusorum
972 3281 1181 3350 intelligentiam
1201 3285 1312 3352 pertin-

216 3364 287 3418 gere,
301 3364 498 3432 nequaquama
508 3348 749 3418 probabilitateet
770 3349 954 3401 similitudine
975 3352 1033 3401 veri
1048 3351 1185 3420 aberrare;
1195 3345 1222 3404 *a
1239 3356 1313 3407 veri·

215 3425 271 3470 tate
289 3425 381 3469 tamen
401 3435 460 3487 1psa
483 3419 564 3488 longe
588 3418 693 3470 abesse·
730 3417 793 3488 Quo
822 3428 903 3488 pacto
930 3422 1002 3471 enim
1030 3423 1167 3493 quispiam
1189 3426 1313 3494 perfecte

215 3489 371 3558 intelligere
387 3491 483 3558 possit,
543 3505 575 3542 ae
594 3491 669 3541 cerni
692 3504 747 3538 non
765 3499 889 3558 possunt,
908 3490 1044 3560 nobisque
1065 3503 1129 3547 sunt
1152 3494 1313 3563 superiorai

216 3559 341 3612 Sufficiat
358 3561 454 3622 nobis,
472 3507 566 3611 silbe
583 3566 689 3611 tantum
708 3559 840 3627 sciamus,
861 3561 919 3623 ‚Dei
941 3563 1056 3614 consilio
1076 3572 1104 3616 et
1129 3567 1240 3635 potiore
1259 3584 1309 3619 vo-

215 3629 321 3682 luntate
341 3631 432 3682 omnia
454 3630 611 3684 constituta.
647 3629 765 3680 Naturae
784 3647 848 3682 vero
866 3632 1004 3700 principia
1023 3641 1051 3684 et
1067 3645 1173 3699 motus,
1200 3645 1229 3689 et
1249 3640 1309 3689 siu·
1329 3632 1331 3638 ’

215 3703 348 3774 gulosum,
369 3718 440 3771 quae
453 3701 532 3762 fiunt,
551 3714 642 3751 causas
655 3700 832 3770 contemplari
847 3701 957 3771 quidem
973 3704 1079 3756 ratione
1095 3715 1123 3758 et
1138 3709 1313 3776 perscrutari,

215 3788 306 3842 neque
324 3771 424 3823 inutile
443 3786 533 3840 neque
552 3768 688 3839 inelegans
708 3778 749 3822 est
767 3771 940 3827 censendum.
978 3773 1096 3829 Credere
1113 3795 1178 3830 vero
1201 3780 1313 3850 sibique

215 3841 389 3912 persuadere,
409 3842 468 3892 fieri
486 3855 566 3907 posse
584 3848 616 3891 nt
635 3841 669 3892 ad
692 3841 778 3910 ipsam
798 3844 837 3893 rei
855 3843 995 3893 veritatem
1007 3849 1202 3918 pertingamus,
1219 3867 1315 3903 vereor

217 3930 253 3964 ne
282 3912 435 3981 arrogantia
452 3910 545 3980 potius
564 3927 606 3962 res
624 3908 692 3962 haec
710 3915 747 3965 sit
765 3911 928 3975 iudicanda,
947 3920 975 3964 et
994 3915 1118 3970 inscitius
1137 3919 1216 3990 quid,
1234 3937 1316 3992 quam

218 3982 322 4051 duplex
342 3983 389 4033 illa
417 3981 533 4034 inscitia.
563 3979 615 4032 Sed
636 3979 670 4033 dc
691 3979 734 4032 his
752 3980 807 4032 lam
825 3985 899 4045 satis,
917 3983 952 4035 ad
972 4001 1030 4037 rem
1048 3992 1142 4060 itaque
1161 3991 1312 4045 redeamus.

256 4055 296 4106 16.
314 4051 450 4103 Periclem
465 4059 571 4120 tempus
581 4052 662 4104 etiam
670 4051 722 4103 Cos
732 4053 821 4104 insula
834 4071 961 4106 concussa
976 4063 1053 4109 estet
1073 4062 1168 4129 exigua
1177 4063 1314 4132 quaedam

220 4123 278 4174 eius
294 4122 384 4190 portio
398 4129 511 4182 servata,
528 4121 637 4192 reliqua
654 4122 741 4174 omnis
761 4126 880 4187 corruit;
899 4127 1027 4197 variaque
1040 4130 1066 4180 ei
1077 4137 1105 4181 et
1118 4132 1244 4186 inaudita
1256 4151 1312 4184 ma-

219 4193 247 4245 la
258 4191 421 4270 acciderput
447 4189 522 4246 Mare
537 4193 610 4247 enim
623 4193 762 4265 ingentem
777 4194 807 4250 in
821 4195 932 4249 modum
949 4214 1089 4270 assurgens
1112 4199 1207 4257 domos
1231 4206 1308 4258 litto·
