2730 4816
226 229 283 317 90
651 228 874 304 ,reamur

83 387 113 441 Α·
128 385 157 440 C·
170 387 326 469 tunm,
347 381 402 452 καί
421 374 494 450 τότε
511 383 646 467 μειόνων
662 377 687 468 ἢ
703 381 838 452 καθόσον
855 385 959 452 νικᾶτε
984 377 1068 464 ἄξιοι
1087 384 1320 470 καθεστήκατε,

122 455 214 545 ιω
229 477 300 549 οὔτε
325 485 383 548 τοῦ
399 484 609 571 προσήκοντος
632 486 880 569 καταδεεστέραν
909 486 1086 570 παρέχεσθε
1108 482 1165 569 τήν
1190 495 1317 570 πεῖραν·

224 585 350 665 μέτεστι
375 584 411 650 δὲ
430 582 549 647 τούτων
568 582 644 662 ὑμῖν
664 577 720 653 οὖν
739 585 774 648 ἑκ
800 581 961 671 ῥᾳστώνης
979 607 1013 647 τε
1034 585 1088 649 καί
1100 579 1316 668 ἡδυπαθείας,

227 676 295 746 ἄλλ’
314 683 348 744 ἐκ
365 679 470 746 πόνων
482 682 608 764 συχνῶν
621 678 676 744 καί
689 677 833 767 ἱδρώτων
853 683 908 745 κυδ
922 685 978 766 τῆς
996 685 1060 747 τών
1080 679 1234 755 κινδύνων
1256 705 1316 763 με-

225 781 323 864 λέτης.
353 778 467 851 οόκοῧν
477 775 582 864 χρεών
598 777 684 860 όμιῖς
713 781 768 844 καί
796 783 860 854 νῦν,
886 782 1030 862 ἐμμένειν
1064 788 1129 854 τοῖς
1142 781 1335 865 ,προεγνωώ

174 883 179 899 “
223 880 347 961 σμένοις
357 927 368 959 ,
388 879 443 943 καί
464 874 625 963 μὴμόνον
645 871 782 961 ἥδεσθαι
798 887 864 955 τοῖς
881 882 1053 965 παροῦσιν,
1081 872 1162 942 ἀλλὰ
1181 881 1238 941 καί
1255 877 1316 941 τοῦ

198 1002 223 1054 1)
230 979 395 1058 μέλλοντος
407 979 488 1062 πέρι,
510 972 592 1052 ὅπως
606 969 714 1058 όμοιον
727 974 826 1059 ἔσται,
840 987 975 1043 σκοπεῖν.
996 985 1061 1053 τοῖς
1075 973 1135 1063 γόρ
1146 972 1191 1061 μὴ
1207 977 1314 1039 ταῦτα

221 1079 430 1161 λογιζομένοις
445 1074 483 1138 οὗ
501 1072 621 1157 μόνιμα
636 1075 677 1139 τοὶ
694 1077 750 1160 τῆς
766 1071 956 1163 εὖπρυγόις,
978 1073 1060 1143 α’λλό
1072 1072 1156 1163 ,πρός
1175 1066 1312 1138 τοῦναν-

221 1175 287 1256 τίον
302 1175 346 1251 ώς
358 1172 398 1239 τό
418 1171 517 1242 πολλοὶ
533 1198 614 1256 μετα
615 1178 774 1262 χωροῦσιν
789 1173 824 1241 αἱ
836 1175 944 1258 τόχαι.
964 1178 1021 1241 κατ’
1041 1163 1209 1260 τεκμήριον
1227 1169 1312 1250 ἔστω

220 1277 323 1360 σαφὲς
343 1271 416 1339 τόδε
437 1270 474 1338 τό
490 1276 553 1338 τών
571 1275 725 1359 Φράγγων
739 1274 861 1358 πόθος,
882 1265 977 1364 tp’d
996 1276 1054 1340 νῦν
1069 1273 1160 1355 ὑμεῖς
1175 1268 1353 1346 δικαίωςιο

155 1416 158 1424 -
221 1367 359 1455 αόχεῖτε.
392 1366 432 1436 εδ
448 1369 508 1458 γὰρ
525 1366 633 1454 αότοῖς
651 1374 730 1449 τέως
751 1375 814 1439 τών
829 1371 1022 1460 πραγμάτων
1040 1371 1196 1456 ἐχόντων,
1222 1366 1257 1440 ,οἳ
1275 1369 1312 1434 δὲ

220 1469 300 1558 πρός
325 1461 510 1550 ἆλαζονείαν
527 1472 716 1557 τραπέντες,
744 1469 881 1555 πόλεμον
901 1465 1020 1557 ἤραντο
1045 1472 1120 1535 καθ’
1135 1469 1245 1555 ἡμῶν,
1272 1460 1311 1530 οὗ

219 1569 437 1657 προορώμενοι
460 1566 497 1635 τό
520 1568 681 1657 σφαλερόν
701 1575 758 1657 τῆς
774 1571 909 1646 ἐλπίδος.
938 1563 1121 1636 οἷπολώλασι
1141 1566 1311 1650 τοιγαροῦν

221 1663 359 1744 Ιδι’παντες
379 1671 418 1755 τῇ
432 1670 523 1755 σφῶν
537 1662 645 1733 adroic
656 1661 789 1760 ἆβουλίρ
802 1673 943 1757 μᾶλλον,
962 1662 985 1752 ἢ
1002 1676 1070 1744 τοῖς
1085 1666 1176 1754 ἡμῶν
1189 1657 1311 1738 ὅπλοις.

145 1784 174 1842 p,
182 1763 357 1851 δραίσχρόν
367 1765 475 1832 τοίνυν
491 1766 577 1848 ὑμᾶς
583 1817 594 1849 ,
614 1759 769 1853 ώοῖνδρες
792 1768 969 1850 Ῥωμαῖοι,
989 1760 1090 1832 ταότδ
1106 1767 1223 1831 παθεῖν
1241 1769 1348 1838 ruerit

218 1861 409 1951 βαρβάροις,
425 1922 426 1925 ,
441 1862 498 1929 καί
516 1861 561 1950 μὴ
587 1867 739 1932 τοσοῦτον
762 1874 834 1942 ταῖς
854 1862 994 1950 γνώμαις
1018 1856 1125 1930 adrev
1143 1869 1309 1948 περιεῖναι,

217 1960 335 2030 όπόσον
352 1967 391 2052 τῇ
416 1960 516 2051 ῥώμῃ·
546 1966 629 2048 μηδὲ
652 1961 712 2051 γὰρ
739 1966 857 2031 οἰέσθω
878 1988 927 2040 τις
946 1964 1052 2046 όμών,
1081 1958 1124 2040 οἷς
1145 1952 1241 2026 οὐδὲν
1261 1955 1310 2023 ἔτι

217 2065 369 2144 πολέμιον
380 2060 489 2145 ἔσται,
515 2062 662 2128 ἁπάντων
679 2066 776 2149 δῆθεν
789 2067 854 2128 τών
873 2065 1035 2144 δυσμενῶν
1052 2061 1308 2149 διαφθαρέντων.

217 2165 320 2226 καίτοι
348 2162 379 2225 εἰ
398 2158 453 2226 καί
467 2164 558 2230 τοῦτο
570 2160 708 2244 βεβαίως
723 2162 861 2248 προσῆν,
888 2159 958 2225 ἀλλ’
975 2156 1046 2226 οὐδ’Ι
1061 2158 1106 2236 ώς
1119 2156 1196 2242 ὑμῖν
1208 2182 1309 2239 μετοι-

217 2263 328 2326 osseos
344 2257 419 2343 τοός
436 2261 590 2347 τρόπους,
625 2261 701 2327 ου’δὲ
721 2263 780 2325 rod
794 2264 965 2348 πρέποντος
990 2254 1152 2347 ἀφεκτέον.
1183 2252 1223 2321 οδ
1239 2253 1341 2342 μῆντο

217 2353 294 2425 odda
313 2358 551 2442 συμβαίνουσαν
571 2354 662 2445 εδροι
686 2383 736 2435 τις
762 2353 803 2424 clv
826 2357 883 2445 τὴν
908 2346 971 2425 wll
990 2355 1179 2445 πραγμάτων
1204 2358 1305 2444 φύσιν

216 2466 288 2535 τοῖς
306 2455 475 2543 όμετόραις
500 2458 645 2536 ἐννοίαις.
675 2456 706 2523 οἱ
727 2457 788 2546 γόρ
812 2459 972 2547 Φρόγγοι,
1002 2454 1253 2542 πολυάνθρωπόν
1275 2481 1308 2519 τι

227 2589 229 2591 ·
290 2578 312 2614 r.
330 2565 415 2630 μεῖον
432 2561 461 2612 R.
532 2561 557 2617 5.
578 2565 825 2633 συνεγνωσμένοις
842 2564 870 2618 R.
944 2579 983 2617 ro.
1002 2561 1047 2633 ἐφ’
1065 2547 1105 2616 όν
1122 2561 1152 2615 R.
1173 2566 1202 2612 et
1219 2561 1307 2631 Intpr.

289 2631 389 2702 quidus
407 2628 534 2684 devictis.
595 2650 646 2703 ⁴9·
666 2632 735 2705 ἡμῖν
753 2634 782 2686 R.
828 2635 831 2640 ’
947 2646 948 2649 ’

216 2733 328 2858 parari?
346 2735 473 2788 Innatum
495 2736 662 2789 enimvobis
680 2744 709 2789 et
727 2739 845 2806 patrium
864 2744 922 2802 est,
949 2735 1041 2789 hostes
1060 2748 1166 2803 semper
1183 2732 1307 2788 vincere.

243 2806 334 2858 incitis
353 2808 462 2877 itaque,
480 2823 570 2877 neque
588 2810 695 2861 minore
712 2809 827 2862 victoria
844 2808 920 2879 digni
939 2808 1013 2870 estis,
1032 2821 1124 2876 neque
1142 2802 1308 2855 inferiorem

216 2885 306 2932 vestra
325 2877 457 2948 dignitate
477 2885 505 2930 et
522 2879 628 2931 meritis
658 2879 796 2931 fortunam
814 2882 878 2932 estis
898 2878 1045 2931 consecuti.
1082 2877 1129 2928 Est
1145 2890 1209 2925 vero
1231 2872 1310 2944 quod

216 2949 285 3002 lraec
302 2956 411 3018 accepta
428 2949 522 3001 feratis
541 2967 598 3001 non
616 2951 739 3020 ignaviae
758 2958 787 3002 ct
804 2949 947 3013 mollitiei,
976 2948 1024 3000 sed
1044 2944 1181 2999 continuis
1200 2943 1308 2995 labori-

216 3020 268 3075 bus
286 3025 369 3090 atquc
386 3018 532 3073 sudoribus
550 3022 773 3091 proeliorumque
792 3022 990 3075 exercitationi.
1018 3017 1153 3088 Quocirca
1173 3015 1308 3066 insisten-

217 3091 284 3144 dum
300 3091 377 3142 vobis
397 3098 438 3142 cst
455 3092 536 3142 etiam
552 3109 626 3143 nunc
640 3092 778 3146 veteribus
797 3093 941 3156 institutis,
958 3105 1049 3159 neque
1066 3088 1154 3139 solum
1174 3083 1209 3135 ob
1228 3101 1308 3154 prae-

216 3168 323 3213 sentem
341 3177 431 3212 rerum
456 3169 556 3212 statum
573 3162 683 3227 laetari,
711 3162 759 3215 sed
785 3161 932 3214 defuturo
953 3162 1051 3221 etiam,
1077 3165 1109 3209 ut
1135 3154 1234 3208 similis
1260 3155 1306 3218 sit,

216 3230 351 3282 sollicitos
376 3246 434 3280 esse
462 3239 579 3299 oportet.
617 3232 674 3302 Qui
699 3236 772 3285 enim
798 3234 837 3285 ita
861 3232 976 3284 consilia
1004 3247 1051 3280 sua
1068 3245 1125 3280 non
1143 3224 1305 3288 instituunt,

216 3300 253 3352 iis
270 3300 433 3369 prosperitas
451 3301 558 3353 stabilis
576 3321 606 3355 ac
635 3303 765 3355 diuturna
784 3319 842 3354 esse
860 3320 916 3354 non
933 3307 1040 3371 potest,
1066 3297 1166 3352 sedin
1192 3305 1304 3346 contra-

216 3371 289 3423 rium
306 3371 466 3439 plerumque
486 3372 595 3424 fortuna
612 3376 736 3428 vertitur.
773 3371 856 3424 Cuius
921 3372 995 3425 idem
1015 3371 1055 3424 rei
1085 3366 1196 3421 evidens
1223 3383 1305 3435 argue

214 3448 339 3492 mentum
363 3438 430 3490 haec
446 3442 610 3494 Francorum
638 3444 726 3496 clades
752 3443 850 3505 luerit,
877 3391 919 3494 cll:
940 3459 1021 3514 quam
1044 3458 1090 3493 vos
1109 3456 1182 3491 nunc
1201 3437 1304 3487 merito

216 3509 380 3580 gloriamini.
424 3509 491 3564 Cum
517 3512 591 3563 enim
617 3530 658 3565 res
686 3514 797 3564 illorum
820 3511 953 3566 hactenus
971 3512 1045 3563 bono
1063 3512 1093 3563 in
1110 3516 1181 3561 statu
1201 3514 1304 3569 essent,

215 3583 271 3652 ipsi
288 3581 386 3633 animis
409 3580 473 3632 elati
499 3589 582 3652 atque
608 3584 803 3636 insolescentes
830 3583 939 3635 bellum
957 3582 1083 3633 adversus
1102 3596 1151 3632 nos
1172 3593 1302 3646 suscepe-

215 3660 295 3717 runt,
314 3651 372 3722 spei
390 3650 576 3705 lubricitatem
593 3671 650 3705 non
676 3654 876 3722 praevidentes.
913 3655 1056 3706 Perierunt
1073 3653 1169 3722 itaque
1197 3665 1303 3711 omnes,

215 3740 264 3777 sua
290 3723 383 3792 potius
407 3723 528 3791 ipsorum
554 3724 717 3789 temeritate,
743 3741 823 3796 quam
847 3726 947 3776 nostris
975 3722 1062 3775 armis.
1100 3723 1192 3786 Turpe
1219 3719 1304 3788 igitur

215 3794 303 3847 fucrit
317 3809 386 3856 vos,
413 3810 430 3846 o
448 3794 500 3846 viri
520 3795 651 3858 Romani,
669 3797 710 3847 ita
730 3803 762 3846 ut
780 3794 889 3846 barbari
906 3799 1014 3846 affectos
1034 3809 1109 3855 esse,
1127 3805 1218 3859 neque
1239 3799 1302 3840 tau-

214 3872 274 3916 tum
291 3865 400 3926 mentis,'
418 3871 549 3936 quantum
567 3868 687 3935 corporis
710 3866 807 3918 robore
827 3883 885 3918 csse
903 3865 1064 3934 superiores.
1100 3862 1197 3931 Neque
1230 3860 1303 3911 enim

214 3937 360 4054 quispluam
377 3943 496 3988 vestrum
515 3935 568 3987 sibi
592 3936 771 4005 persuadeat,
798 3935 871 3990 nihil
897 3937 969 3987 ultra
987 3935 1127 3986 infestumv
1140 3930 1221 3982 nobis
1241 3947 1303 3982 me·

214 4013 282 4058 tuen
302 4021 364 4071 um;
391 4007 524 4058 universis
541 4007 670 4059 nimirum
688 4007 813 4060 hostibus
833 4005 938 4059 deletis.
964 4005 1046 4077 Quod
1065 4012 1097 4056 ut
1123 4001 1301 4054 maxime‘ita

215 4083 301 4137 esset,
317 4081 408 4127 tamen
427 4079 520 4129 nesio
538 4078 648 4148 quidem
666 4098 682 4131 a
697 4077 819 4132 moribus
844 4079 940 4134 vestris
959 4085 1000 4131 est
1018 4071 1224 4134 discedendum,
1251 4086 1300 4138 ne·

214 4164 269 4223 que
287 4144 321 4200 ab
340 4145 431 4214 officio
451 4147 646 4208 abstinendum
653 4169 662 4225 ς
683 4149 841 4224 redasque
861 4167 951 4212 rerum
975 4151 1096 4222 ipsarum
1113 4143 1301 4218 negotiorum·
