2738 4816
181 231 252 299 viu
448 181 451 192 Ξ
586 195 822 296 palasano,

181 401 238 442 uon
251 385 360 448 omnino
378 383 534 455 illepidum,
556 393 619 438 ante
637 387 736 441 multos
764 404 863 452 annos,
888 402 976 441 rorum
1000 388 1245 459 cognoscendarum

183 505 270 552 causa,
289 503 403 558 eumque
416 488 545 544 memoria
559 495 683 558 repetens
703 487 771 548 mihi
783 488 978 559 persuadebam
990 491 1038 543 illa
1056 495 1171 557 ratione,
1191 511 1249 547 non
1342 521 1348 528 -

183 591 270 647 excoli
289 590 398 661 quidem
422 598 505 661 atque
522 591 620 653 ornari,
640 598 823 647 verumtamen
841 595 880 646 ita
901 597 998 665 corrigi
1011 613 1089 666 posse
1108 605 1147 662 ut,
1162 598 1249 669 spinis

184 701 267 766 atque
285 694 405 748 sentibus
421 694 609 758 evulsis,satis
623 693 763 762 expeditus
776 696 908 752 evaderet
942 700 1007 753 Erat
1016 711 1106 754 autern
1121 701 1174 760 iarn
1190 710 1250 753 tum

182 794 251 850 mihi
273 799 393 868 cognitus
417 803 499 867 atque
518 795 596 853 valde
620 812 695 848 carus
712 795 831 858 Ioannes
850 801 994 854 classenm
1002 841 1013 872 ,
1032 801 1251 872 llamburgensis,

185 901 234 971 qui
254 898 451 964 HERMANNI,
475 898 527 953 viri
542 899 654 963 summi,
681 898 824 968 disciplina
839 903 992 968 institutus,
1009 903 1062 956 huc
1082 914 1203 969 venerat,
1218 913 1251 958 ut

186 1018 235 1053 nos
249 1006 367 1073 quoque,
381 1001 430 1073 qui
447 1001 477 1063 in
493 999 545 1053 bae
558 1001 707 1054 litterarum
720 1003 895 1066 universitate
908 1004 1064 1076 disciplinas
1075 1005 1252 1078 philologioas

185 1104 366 1175 explicamus,
385 1104 499 1159 audiret.
542 1105 621 1164 Hunc
638 1121 686 1174 ego
706 1105 830 1164 iuvenem
851 1108 1006 1177 egregium,
1030 1126 1110 1181 quem
1125 1127 1198 1163 nune
1222 1112 1254 1171 iu

186 1207 363 1263 contubernio
381 1216 463 1280 atque
475 1208 621 1261 domestica
638 1225 697 1261 mea
720 1209 904 1265 familiaritate
925 1213 1015 1265 vivere
1038 1211 1156 1283 gaudeo,
1173 1230 1251 1283 roga-

185 1311 263 1375 bam,
281 1319 313 1364 ut
325 1311 466 1381 Agathiam
478 1319 582 1366 attente
596 1312 761 1384 perlegeret,
786 1329 908 1385 quaeque
918 1313 971 1382 ipsi
987 1315 1018 1368 in
1036 1322 1154 1368 mentem
1172 1316 1251 1368 veni-.

186 1421 248 1474 rent
261 1422 417 1495 annotaret:
435 1414 503 1467 mibi
518 1419 591 1470 enim
604 1433 670 1486 opus
684 1417 800 1486 aggredi,
818 1424 930 1487 propter
943 1417 1111 1488 negotiorum
1122 1419 1252 1490 frequen·

185 1519 251 1568 tiam
259 1524 341 1588 atque
350 1517 486 1571 adversam
500 1535 552 1590 qua
563 1527 628 1572 tunc
642 1518 784 1587 premebar
795 1519 987 1584 valetudinem,
998 1518 1120 1574 nondum
1131 1519 1252 1582 vacabat.

185 1622 264 1674 Fecit
284 1623 307 1674 is
325 1603 398 1691 quod
416 1622 556 1692 cupiebam
573 1624 632 1675 sino
646 1639 720 1675 mora
736 1639 767 1674 ac
779 1624 858 1676 valde
875 1623 984 1677 sedulo:
1015 1625 1126 1693 eiusque
1146 1623 1251 1677 schedis

186 1725 303 1794 acceptis
320 1725 378 1795 ipse
396 1724 534 1794 Agathiam
549 1732 672 1778 accurate
691 1726 868 1778 evolvendum
885 1729 986 1796 sumpsi
993 1747 1001 1779 :-
1025 1727 1141 1796 plurima
1150 1765 1158 1792 ,
1182 1744 1252 1797 quae

188 1825 376 1881 emendatione
389 1828 527 1898 persanari
537 1835 656 1897 possent,
674 1845 690 1879 a
703 1817 828 1880 Classeno
839 1831 892 1881 rite
906 1836 1047 1898 perspecta
1059 1828 1251 1882 animadverti:
1265 1828 1268 1836 ’

187 1930 319 2003 quaedam
343 1931 504 2001 improbari:
520 1948 576 1983 non
592 1948 677 2002 pauca
697 1948 764 2001 quae
778 1931 825 1983 ille
849 1947 904 1982 non
920 1932 1052 2000 attigisset
1067 1932 1169 1982 correxi
1183 1933 1250 2002 ipse.

187 2032 250 2104 Qua
264 2033 308 2085 via
321 2036 464 2104 ingressus,
480 2024 615 2104 prioribus
623 2035 699 2087 libris
713 2034 857 2104 diligenter
876 2035 1001 2096 excussis,
1020 2051 1103 2103 quum
1115 2032 1159 2086 e'os
1172 2037 1251 2104 peius

186 2135 267 2206 longo
280 2155 359 2209 quam
371 2145 450 2190 antea
470 2141 645 2208 cogitaveram
661 2154 690 2189 se
708 2133 810 2190 habere
836 2138 1030 2206 perspicerem,
1055 2154 1144 2207 neque
1164 2129 1251 2191 ullum

187 2254 221 2292 ex
238 2240 315 2292 libris
334 2240 482 2295 subsidium
498 2240 590 2293 aderat
603 2248 751 2311 praeterea
764 2255 842 2311 quae,
862 2256 942 2293 suasu
957 2257 1031 2304 meo,
1049 2257 1064 2291 e
1080 2240 1163 2292 Suida
1183 2259 1249 2295 con-

186 2352 303 2411 gesserat
315 2345 477 2409 Classenus,
501 2324 652 2396 versionem
674 2343 803 2395 Personae
820 2359 949 2414 quaerere
963 2345 1059 2414 coepi,
1077 2361 1144 2415 quae
1164 2346 1250 2399 instar

185 2445 286 2499 codicis
304 2457 380 2501 esset.
417 2449 480 2498 liam
497 2446 565 2498 mihi
578 2463 612 2498 ex
623 2445 791 2498 bibliotheca
809 2436 939 2516 gymnasii
960 2443 1128 2500 Coloniensis
1148 2467 1248 2519 suppe-

185 2549 282 2603 ditavit
301 2548 451 2602 bumanitas
472 2549 648 2602 eruditissimi
669 2548 850 2603 Birnbaumii:
874 2559 955 2625 atque
975 2548 1027 2602 hoe
1044 2559 1153 2621 accepto
1176 2552 1248 2605 libro

183 2670 283 2707 novum
307 2654 398 2706 lumen
416 2670 514 2722 operae
535 2661 643 2706 nostrae
668 2653 776 2704 affulsit.
816 2653 875 2705 Etsi
892 2655 964 2705 enim
980 2652 1061 2706 bomo
1084 2646 1139 2706 non
1160 2657 1249 2707 minus

183 2755 296 2809 stolidus
314 2774 395 2829 qnam
416 2757 540 2810 indoctus
553 2758 592 2809 ita
604 2757 687 2810 vertit
708 2763 740 2808 ut
754 2747 883 2824 ‘plurimis
908 2757 1073 2826 singularum
1091 2759 1249 2827 paginarum

182 2859 249 2910 locis
265 2860 367 2912 insulse
385 2860 544 2914 delirantem
559 2860 653 2913 audire
667 2857 797 2911 videaris:
812 2888 844 2899 -
865 2860 966 2930 quippe
979 2861 1026 2931 qui
1042 2858 1076 2911 de
1088 2876 1176 2923 sensu,
1193 2878 1249 2912 non

182 2960 269 3012 dicam
277 2963 414 3032 probabili
429 2953 477 3017 sed
486 2965 552 3030 ullo,
568 2965 680 3018 minime
695 2962 827 3014 sollicitus
848 2971 932 3015 esset:
946 2991 973 3004 -
989 2961 1087 3016 habuit
1098 2969 1187 3015 tamen
1200 2962 1249 3015 ille

181 3073 244 3118 ante
267 3067 358 3119 oeulos
381 3068 501 3122 codicem
520 3069 602 3138 plane
617 3068 766 3138 egregium,
783 3067 859 3119 cuius
874 3067 956 3120 verba
972 3066 1076 3135 singula
1099 3066 1247 3134 exprimere

179 3184 260 3236 saepe
270 3170 392 3223 tentavit
410 3173 504 3246 Itaque
517 3173 617 3254 multae
633 3170 845 3234 emendationes,
860 3158 942 3241 quum
958 3168 1078 3221 Classeni
1092 3175 1246 3230 tum'meae,

179 3269 228 3320 illo
250 3278 358 3324 anctore
382 3275 567 3344 comprobatae
582 3284 662 3330 sunt:
694 3274 724 3326 id
736 3290 799 3328 vero
818 3271 940 3341 inprimis
955 3276 1056 3339 gratum
1072 3276 1143 3333 erat,
1163 3270 1246 3342 quod,

179 3390 248 3444 quae
265 3375 294 3427 in
310 3375 436 3430 Vulcanii
453 3380 545 3433 codice
562 3379 729 3442 exciderunt,
745 3375 795 3430 ubi
814 3382 862 3426 aut
876 3372 958 3431 verba
978 3380 1025 3442 arrt
1042 3373 1156 3425 incisum
1171 3375 1245 3427 inte-.

150 3501 153 3513 ι
179 3493 254 3545 grum
269 3477 361 3532 deesse
371 3483 498 3549 videram,
514 3488 555 3537 ita
565 3483 638 3555 apud
646 3485 786 3536 Personam
801 3476 927 3531 translata
937 3474 1126 3540 inveniebam,
1142 3485 1245 3530 utsen·

177 3596 236 3632 sum
249 3583 306 3634 sine
323 3585 378 3636 ulla
392 3585 562 3641 dubitatione
579 3597 707 3649 tenerem,
723 3583 806 3637 verbs
822 3597 881 3631 cum
901 3577 996 3648 aliqua
1011 3579 1245 3650 saltomprobabi-

176 3681 254 3735 litate
271 3703 361 3755 graece
377 3693 520 3744 restituere
534 3708 648 3760 possem.
668 3665 774 3758 Quibus
792 3681 919 3736 subsidiis
933 3682 956 3732 si
970 3689 1113 3735 contentus
1124 3684 1244 3748 fuissem,

159 3764 205 3835 'et
227 3787 298 3841 liber
317 3792 370 3841 iam
393 3792 437 3844 edi
454 3802 562 3864 poterat
585 3794 723 3861 aliquanto
747 3786 931 3848 emendatius,
955 3791 984 3836 et
1004 3786 1163 3837 nonnullam
1178 3786 1244 3839 inde

176 3886 288 3944 fortasse
307 3892 477 3948 abstulissem
490 3897 628 3948 doctrinae
642 3904 724 3965 atque
739 3891 869 3943 acuminis
884 3885 1002 3944 laudem.
1031 3888 1137 3941 ,Verum
1153 3889 1241 3941 enim-

174 4003 339 4064 veroquam
358 4014 392 4048 ex
405 3998 561 4052 Leunclavii
581 3998 752 4069 praefatione
774 3994 809 4046 ad
828 3991 979 4046 editionem
997 3994 1242 4047 versionis‘Perso·.
1303 4019 1307 4024 ·

174 4110 225 4146 nas
238 4097 418 4159 Basileensem
433 4104 629 4179 perspexissem
651 4117 733 4174 quam
744 4100 825 4179 louge
841 4095 926 4155 codex
942 4092 1142 4168 Rehdigeranus
1160 4112 1241 4177 praes
1310 4090 1313 4096 ’
