2842 4800
211 241 307 364 128¹
653 228 868 335 ‘normias
893 300 894 303 κ

63 439 133 498 le·
150 428 337 523 554βιβλιλον
359 435 471 526 ἥμενος
491 438 716 524 πωλητηρίοις,
736 432 962 522 διεπληκτίζειο
987 433 1043 500 καί
1065 433 1298 524 ἐμεγαληγόρει

96 512 117 568 ¹⁸
130 511 370 623 1’ἡπρὸςτοός
385 537 502 603 α’ότόθι
516 539 747 623 ἀγειρομένους,
762 537 817 600 καί
830 537 932 600 ταότα
948 531 988 618 δὴ
1007 531 1047 599 τό
1054 537 1222 618 εἰθισμένα
1232 537 1298 623 ῥη-

114 630 117 637 ’
203 639 302 719 μότια
319 640 378 703 soti
393 641 563 722 κρείττονος
582 637 653 723 πέρι
671 635 932 717 ἀνακυκλοόνιας,
958 631 1066 699 όποῖον
1084 632 1123 718 δή
1136 659 1168 699 τι
1180 635 1297 712 αὐτοῖς

204 730 270 821 ἥτε
285 737 381 824 φόσις
396 729 466 803 ἐστί
478 735 534 801 καί
550 736 570 822 ἦ
586 730 678 801 οόσία
687 788 696 818 ,
711 734 766 800 καί
782 733 817 801 τὸ
835 734 979 819 παθητόν
998 737 1053 799 καί
1068 731 1102 799 τό
1115 728 1301 817 ἀξόγχυτον

202 835 258 899 ’καί
272 827 353 900 ἀλλα
366 838 480 900 ceadda.
502 836 621 901 τοόταν
639 839 699 917 μὲν
717 827 774 900 σόν
793 831 973 898 οἱπλεῖστοι
990 834 1065 896 oaldi
1082 834 1115 908 ἐς
1136 837 1325 920 γραμμα-5

205 936 322 1016 nemori,
335 929 654 1020 olnnt,pot'rduanssg‚
664 927 739 997 odet
752 929 817 1017 μὴν
827 935 885 1021 βίῳ
901 925 1018 1020 ἀρίστφ
1028 933 1299 1020 ἒκόετλιῃτημένοι,

206 1030 315 1099 ἔπειτα
335 1031 448 1122 ῥᾴδιόν
471 1057 503 1098 τι
525 1029 673 1116 ἡγοῦνται
690 1031 746 1097 καί
762 1029 1025 1120 προχειρότατον,
1053 1029 1295 1125 ἀπερβάθμιον,

100 1147 130 1216 ρ,
173 1128 241 1197 Ded
256 1127 443 1215 λεγόμενον,
472 1127 554 1196 πόδα
570 1135 697 1213 τείνειν,
720 1130 776 1196 καί
789 1132 950 1214 θεολογίας
968 1125 1186 1217 ἐφάπτεσθαι,
1208 1129 1298 1214 πρόι-

169 1281 172 1292 ,,
203 1247 320 1314 γ’ματος
340 1225 421 1294 οὕτω
437 1235 596 1316 μακαρίου
614 1253 648 1296 τε
666 1229 722 1296 καί
735 1225 923 1317 ἀνεφίκτου,
951 1231 1006 1294 καί
1016 1227 1160 1310 μείζονος
1178 1221 1200 1311 ἢ
1219 1228 1299 1291 κατ’

203 1329 392 1417 ἀνθρώπους
398 1380 409 1411 ,
429 1328 484 1395 καί
497 1327 582 1419 μόνῳ
619 1332 665 1419 τῷ
680 1331 863 1414 ’ἀγνοεῖσθαι
885 1329 1142 1411 θαυμαζομένου.
1162 1325 1324 1411 τοιγάρ-ι
1337 1348 1392 1391 ο

204 1444 252 1495 τοι
266 1429 305 1496 τά
325 1427 423 1494 πολλὰ
442 1428 517 1516 περί
532 1429 636 1515 δείλην
657 1424 753 1514 όιγίαν
771 1426 833 1495 ἀπό
858 1424 1052 1515 κραιπάλης,
1074 1425 1117 1505 ὥς
1139 1421 1174 1491 τό
1195 1422 1297 1507 εἰκός,

204 1525 261 1592 καί
283 1522 450 1607 ἀκολασίας
476 1527 728 1613 ξυναλιζόμενοι,
764 1524 848 1595 οὕτω
875 1527 913 1613 δὴ
937 1530 986 1594 ἐκ
1000 1529 1060 1592 sori
1088 1525 1299 1612 παρείκοντος

204 1631 332 1694 ἐκείνων
354 1629 416 1695 τάν
441 1628 621 1717 ὑπερτέρων
638 1625 834 1717 ἀπάρχονται
854 1625 953 1713 λόγων
972 1630 1028 1692 καί
1053 1624 1210 1712 ζητήσεως
1233 1629 1297 1689 θε-

205 1727 353 1806 σπεσίας,
375 1719 432 1791 ἀεί
448 1751 481 1791 τε
496 1727 570 1814 περί
584 1726 684 1793 ταύτό
707 1731 1001 1812 στενολεσχοῦντες,
1030 1719 1104 1789 odes
1124 1725 1295 1789 πείθονται

202 1821 266 1887 ἀπὸ
275 1825 376 1910 σφῶν,
397 1815 467 1889 οότε
481 1815 868 1908 ἀλλαςμεταμανθάνουσι
880 1823 920 1890 τά
929 1825 1181 1912 προεγνωσμένου,
1195 1819 1289 1886 όποῖα
1302 1847 1317 1885 r
1331 1813 1374 1882 5

186 1913 284 1986 ’ἀττα
305 1923 360 1986 καί
375 1923 500 2006 τόχοιεν
519 1912 602 1988 όντα.
637 1921 760 2008 ἔχονται
786 1926 821 1990 n
846 1921 1014 2000 διαπαντός
1041 1925 1105 1987 τάν
1128 1921 1236 1985 αὐτῶν
1261 1919 1295 1984 οἱ

41 2102 44 2106 ¹
204 2019 310 2099 αάτοί,
341 2019 397 2084 καί
423 2024 624 2099 τελευτῶντες
659 2025 716 2108 τῆς
745 2025 936 2110 φιλονεικίας
959 2023 1188 2106 χαλεπαίνουσι
1210 2025 1291 2085 κατ’

58 2133 86 2204 ,χ
128 2114 374 2204 Ρ.08ἀ’λλήλων,
393 2118 448 2185 καί
470 2120 655 2208 ἀναφανδόν
671 2124 956 2208 διαλοιδοροόυται,
978 2117 1087 2208 φωνὰς
1106 2115 1292 2205 ἀσχήμονας

207 2211 373 2305 ἀφιέντες,
409 2213 513 2308 ὥσπερ
542 2223 577 2287 ἐν
601 2220 708 2305 κύβοις
741 2219 977 2305 διαμαχόμενοι.
1016 2215 1097 2285 otro
1123 2243 1158 2284 τε
1181 2217 1292 2285 λόεται

201 2374 205 2381 ·
278 2341 305 2398 3.
324 2338 490 2406 ἀνακυκλῶν
512 2341 598 2407 Suid.‚
616 2342 701 2410 Intpr.
725 2338 936 2398 ἀνακαλοῦντας
959 2339 1057 2410 legisse
1082 2338 1206 2404 videtur,
1227 2356 1293 2391 nam
1327 2334 1331 2338 ’

277 2412 374 2464 vertit:
405 2411 465 2475 ln's,
497 2412 547 2485 qni
569 2431 598 2466 se
623 2414 871 2476 circumsisterent,
897 2411 1109 2484 postulantibus·
1215 2407 1295 2478 αὐτῷ

278 2483 354 2545 Pan,
378 2483 462 2550 Intpr.
481 2484 574 2554 qualis
596 2501 660 2536 nam
687 2484 732 2536 itti
758 2499 871 2536 natura.
950 2480 974 2548 ἀ.
989 2474 1030 2534 ’τό
1051 2489 1113 2533 aute
1131 2476 1292 2552 ἀξόγχυτον

279 2553 360 2604 inser.
381 2569 414 2604 ex
432 2556 461 2604 R.
481 2563 509 2606 et
530 2553 607 2606 Suid.
702 2557 726 2610 5.
744 2558 792 2605 καὶ
809 2552 879 2604 ἄλλα
895 2551 993 2603 τοιάιίε
1012 2568 1064 2603 orn.
1085 2550 1161 2603 Suid.
1240 2550 1291 2604 Pro

278 2622 385 2675 τούτων
402 2623 457 2695 μὲν
475 2618 529 2680 οὖν
544 2624 616 2676 idem
626 2609 675 2678 τόν.
710 2625 931 2748 γραμματιστοῦ
948 2624 976 2674 R.
995 2621 1079 2692 Lugd.
1092 2621 1182 2686 Suid.‚
1198 2628 1292 2696 γραμ-

277 2697 402 2762 ματικοῦ
419 2695 480 2748 edd.
560 2695 584 2747 (J.
604 2697 640 2746 oe
656 2691 715 2767 μὴν
754 2696 810 2749 uid.
896 2689 1129 2766 ἐκόεόιγτημίνυν
1145 2692 1176 2747 lt
1264 2707 1290 2762 φ

252 2824 255 2829 ,
278 2759 364 2828 ἦσαν.
382 2765 410 2816 ll.
484 2764 522 2834 τί.
540 2767 628 2819 ταῦτα
645 2767 675 2819 R.
792 2773 793 2777 ’

208 2901 281 2953 enim
302 2901 338 2954 ad
359 2899 456 2971 palatii
481 2902 601 2972 porticus
624 2902 780 2965 ventitans,
799 2906 827 2953 et
846 2900 876 2953 in
896 2900 1018 2953 librariis
1036 2895 1160 2952 tabernis
1184 2896 1293 2960 sedens,

208 2972 392 3025 contendebat
408 2972 552 3045 verbisque
576 2973 772 3042 ampullaribus
792 2971 890 3042 agebat
907 2989 967 3024 cum
985 2972 1029 3035 iis,
1049 2972 1099 3042 qui
1116 2987 1149 3021 eo
1168 2986 1289 3021 comme-

208 3059 253 3094 are
265 3044 363 3107 solent,
382 3053 410 3096 et
423 3054 551 3097 consueta
567 3042 666 3096 haecce
679 3043 714 3095 dc
731 3044 790 3096 Deo
809 3043 942 3095 vocabula
960 3044 1077 3105 iactare,
1115 3041 1188 3091 ualia
1205 3041 1290 3091 nimi-

208 3129 267 3163 rum
285 3121 349 3163 sunt
364 3122 460 3165 natura
483 3123 565 3186 atque
586 3116 716 3178 essentia,
742 3123 771 3166 et
787 3114 964 3182 passibilitas,
983 3121 1014 3165 ut
1032 3113 1071 3164 ita
1108 3126 1189 3173 ream,
1207 3115 1290 3182 atque

208 3182 468 3250 inpermixtibilitss:
490 3202 604 3254 qnorum
614 3185 739 3257 plerique
751 3183 1045 3236 neGrammatistarum
1077 3179 1170 3233 uidem
1185 3180 1290 3233 scholas

207 3251 428 3320 frequentarent,
457 3255 505 3307 sed
522 3272 573 3307 nec
591 3257 655 3307 satis
673 3255 743 3324 frugi
762 3254 886 3306 homines
905 3263 995 3308 erant:
1016 3201 1097 3316 stelle
1115 3252 1222 3303 interea
1238 3251 1307 3302 ali:

208 3320 278 3391 quid
303 3329 385 3392 atque
411 3323 569 3390 expeditum
594 3342 652 3377 cese
679 3325 835 3376 existimant
858 3324 1065 3387 transsultorio,
1091 3319 1167 3394 quod
1192 3327 1236 3374 est
1260 3322 1290 3373 ln

208 3391 368 3460 proverbio,
388 3392 459 3461 pede
478 3395 558 3457 ferri,
589 3396 669 3448 etde
689 3396 749 3446 Deo
770 3392 919 3458 disserere,
944 3394 1012 3447 adeo
1031 3395 1113 3446 beata
1131 3400 1160 3443 et
1181 3391 1291 3446 incom-

207 3460 389 3532 prehensibili
407 3479 456 3526 re,
480 3463 686 3537 humanumque
700 3463 871 3515 intellectum
896 3466 1090 3535 exsuperante,
1115 3478 1202 3532 eoque
1221 3463 1301 3525 solo,·

210 3532 285 3602 quod
303 3532 450 3601 ignoretur,
470 3532 635 3587 admiranda.
673 3534 807 3604 Quocirca
826 3535 984 3606 frequenter
1001 3534 1162 3605 vespertinis
1181 3542 1290 3602 tempo-

210 3603 295 3666 ribus,
317 3619 378 3654 cum
398 3620 433 3655 en
449 3605 565 3672 crapula,
584 3613 615 3656 ut
632 3604 779 3657 verisimile
800 3611 848 3667 est,
869 3614 898 3658 et
915 3606 982 3656 luxu
1000 3606 1100 3658 reversi
1120 3620 1168 3656 sua
1184 3602 1291 3655 habent

209 3673 407 3736 conciliabula,
426 3682 507 3742 prout
529 3676 628 3744 cuique
653 3675 766 3725 libitum
782 3675 884 3739 fuerit,
909 3676 1088 3728 irreverenter
1107 3675 1142 3728 de
1163 3674 1291 3726 sublimi-

208 3743 260 3794 bus
279 3743 354 3796 hisee
375 3744 456 3796 rebus
478 3745 633 3816 divinisque
650 3745 856 3815 quaestionibus
876 3762 1012 3798 sermones
1030 3748 1162 3810 miscent3
1181 3753 1302 3797 essem-⁸

209 3828 258 3881 per
275 3813 309 3866 de
328 3815 426 3867 iisdem
444 3824 614 3885 arguentes,
630 3831 682 3868 nec
698 3816 752 3885 ipsi
770 3817 831 3867 aliis
845 3817 990 3888 quicquam
1007 3816 1182 3886 persuadent,
1199 3812 1291 3885 neque

209 3880 244 3934 de
265 3893 395 3954 concepta
417 3888 502 3938 semel
532 3886 671 3954 opinione,
717 3886 893 3956 naliscunque
922 3887 1033 3939 tundens
1064 3904 1095 3939 ea
1125 3887 1178 3948 sit,
1199 3884 1300 3937 disce-'

209 3953 298 4013 dunt,
324 3954 371 4006 sed
398 3956 491 4008 eodem
516 3973 622 4025 semper
639 3905 775 4009 mordicus
802 3957 923 4008 retinent
948 3967 981 4010 et
1002 3966 1129 4022 tuentum
1157 3957 1298 4025 finitaque

209 4024 385 4092 altercatione
409 4028 527 4082 infensis
548 4029 620 4079 inter
640 4043 668 4079 se
689 4027 785 4079 animis
804 4026 965 4093 discedunt,
993 4038 1021 4082 et
1036 4028 1140 4099 'apertis
1160 4027 1291 4078 conviciis

210 4109 268 4145 sese
293 4105 387 4147 mutuo
412 4097 562 4160 lacessunt,
594 4106 686 4168 turpes
716 4113 796 4150 voces
822 4100 993 4164 emittentes,
1030 4102 1116 4152 instar
1141 4098 1292 4161 aleatorum

210 4165 366 4218 rixantium.
397 4165 492 4238 Atque
520 4170 557 4220 ita
583 4164 697 4224 solvitur
715 4169 781 4239 ipsis
800 4176 1110 4242 certamensacgreqoe
1133 4165 1290 4228 discedunt,
