2738 4816
131 217 133 227 ’
202 182 314 283 ‘xvru
572 216 574 224 ⁴
655 260 657 267 .
727 203 850 280 'vnn

213 376 362 438 nissen
375 371 593 439 sesannia
606 370 779 434 insacrum:
797 369 930 449 etenim.
940 322 1301 455 assisinatensis

215 474 416 553 Christiana,
437 493 555 558 paucos
577 471 650 535 illos
662 472 799 555 gentiles
822 470 878 552 qui
896 471 1176 555 Constantinopoli
1201 472 1303 554 dege·
1320 533 1327 540 ,,

212 573 293 635 bant
312 573 389 656 talia
409 582 484 634 nota
503 569 652 633 habuisse
671 591 735 632 non
751 569 895 653 estquod
910 569 1109 633 dubitemus:
1131 580 1225 654 atque
1242 571 1301 632 ubi
1335 632 1336 635 ,

215 673 250 734 id
267 673 397 755 profert
410 671 628 734 Christianum
648 670 834 752 loquentem
851 669 987 738 inducit.
1014 671 1127 732 Mitem
1139 691 1215 731 vero
1232 671 1303 738 sni·

214 793 302 832 mum
328 773 361 832 in
392 769 668 854 reprehendendis
694 769 808 832 alienis
833 771 949 848 sacris,
979 769 1041 832 nisi
1069 768 1212 852 improba
1234 769 1301 831 sint

214 878 308 952 atque
332 871 500 943 immania5
532 879 564 931 et
580 868 817 953 indulgentiam
838 890 918 953 qnae
936 869 1039 932 errori
1054 869 1088 930 in
1114 868 1300 932 huiusmodi

213 971 320 1047 rebus,
334 980 449 1054 vutpote
465 991 530 1032 non
542 968 736 1053 voluntario,
755 967 880 1032 veniam
893 969 1066 1049 tribuito„
1088 969 1176 1031 inter
1188 975 1300 1032 saevos

214 1065 302 1131 illius
316 1069 384 1132 aevi
404 1071 528 1132 furores
552 1069 603 1131 vix
622 1069 699 1132 alibi
719 1078 918 1153 exspectares
933 1090 1030 1152 quam
1053 1069 1139 1153 apud
1161 1090 1217 1132 eoa
1240 1068 1300 1151 qui

154 1196 156 1200 ⁷
215 1167 448 1230 dominantium
464 1168 652 1230 crudelitate
673 1177 705 1230 et
728 1169 857 1242 saevitia
868 1178 1060 1231 vexarentur
1075 1169 1147 1251 ipsi.
1180 1167 1297 1250 ltaque

210 1267 377 1350 probabile
396 1277 452 1345 est,
472 1267 588 1351 gentili
609 1276 698 1350 patre
713 1277 930 1349 procreatum,
953 1267 1212 1352 maecaniciaque
1231 1275 1299 1341 stu·

212 1365 273 1427 diis
296 1366 487 1432 innutritum
509 1377 541 1432 ct
562 1366 767 1446 delectatum,
792 1388 832 1428 na
856 1367 964 1450 legum
978 1369 1093 1452 poenis
1110 1367 1300 1429 bominum-

211 1485 275 1546 que
291 1463 469 1529 violentiae‘
484 1465 642 1546 obnoxius
661 1473 762 1543 esset,
786 1487 851 1527 non
876 1467 1040 1550 opinionis
1056 1464 1088 1530 vi
1110 1466 1298 1543 adductum,

209 1563 402 1627 Christianis
420 1585 455 1627 se
476 1565 670 1631 adiunxisse.
735 1580 737 1583 ’
787 1628 791 1635 ,
901 1608 903 1615 ›

293 1649 501 1724 Historiarum
525 1664 602 1729 libri
628 1665 726 1748 vulgo
752 1683 792 1726 ex
816 1663 928 1728 codice
953 1662 1160 1747 Lugdunensi
1178 1661 1298 1724 inscri-

208 1761 331 1823 buntur
355 1757 506 1844 περὶτῆς
536 1759 767 1827 Ἰουστινιανοῠ
798 1758 975 1843 βασιλείαςε
1004 1762 1082 1823 vitio
1106 1761 1297 1824 manifesto:

207 1860 452 1943 qnnmsoriplor
464 1882 498 1922 se
515 1862 554 1924 de
578 1872 680 1925 morte
697 1862 812 1924 lustini
831 1857 984 1925 Germani
997 1861 1072 1922 f.-
1083 1860 1140 1941 qui
1162 1858 1297 1923 iubente

207 1960 329 2046 Iustino
354 1959 421 2024 iun.
447 1961 529 2044 lmp.
552 1971 684 2025 necatus
704 1971 751 2024 est
770 1995 812 2008 —
832 1961 887 2022 lv.
903 1979 951 2021 aa.
964 1980 995 2042 p⁴
1010 1958 1105 2022 2552:
1139 1967 1235 2040 atque
1252 1959 1295 2022 de

207 2057 356 2122 C'hosrois
378 2044 443 2122 iin'e
461 2060 552 2142 (577.)
573 2063 627 2124 lv.
645 2052 693 2142 a9.
715 2065 747 2142 p.
767 2069 835 2141 27²·
856 2057 1018 2120 dicturum
1035 2078 1104 2120 esse
1120 2056 1295 2140 promittat.

97 2144 101 2149 ’
206 2156 249 2218 At
270 2158 357 2220 idem
383 2158 486 2221 codex
505 2168 605 2237 recte,
624 2179 683 2241 pro
699 2158 787 2221 illios
804 2157 914 2219 aetatis
923 2178 1025 2234 more,
1036 2178 1138 2240 quern
1153 2157 1193 2218 ab
1211 2157 1298 2220 Eva.

207 2256 297 2340 grin,
332 2259 462 2320 loanne
484 2257 736 2342 Epiphaniensi,
772 2256 915 2341 aliisque
945 2265 1105 2321 servatum
1135 2256 1296 2392 videmus,

160 2438 163 2445 Ι
209 2355 310 2418 libros
323 2350 446 2435 τόμους
464 2366 567 2421 vocat.

290 2455 460 2519 Codicess
442 2455 555 2539 scripti
575 2453 728 2540 perpauci
744 2464 925 2540 supersunt.
954 2459 1004 2520 De
1021 2437 1245 2541 Rebdigerano
1259 2462 1294 2516 et

206 2552 429 2636 Lugdunensi,
449 2554 567 2637 quibus
585 2577 753 2636 usussum,
776 2556 854 2618 dixi.
875 2556 1066 2620 Vaticanum
1087 2555 1292 2619 membrana*

208 2639 400 2726 ceum'esse,
421 2652 599 2736 antiquum,
612 2654 691 2716 mihi
701 2654 895 2739 significavit
908 2656 991 2738 Aug.
1002 2655 1103 2719 Maius
1118 2679 1148 2724 v.
1168 2655 1215 2720 ill.
1233 2651 1293 2735 qui

206 2749 365 2812 variantes
385 2750 557 2836 scripturas
573 2774 613 2814 ex
638 2756 744 2836 qusrti
763 2755 837 2816 libri
851 2754 943 2816 initio
960 2755 1115 2817 delibatas
1138 2749 1293 2838 specimi-
1360 2834 1363 2838 Ι

207 2848 257 2912 nis
275 2849 347 2912 loco
362 2851 457 2918 misit.
475 2853 540 2914 Eae
555 2875 629 2917 cum
642 2854 865 2939 Rehdigerano
881 2856 964 2917 libro
980 2844 1024 2916 ini
1036 2853 1237 2916 conveniant
1254 2859 1294 2914 ut

74 3031 77 3044 Ι
176 2964 178 2968 “
205 2950 300 3013 valde
317 2951 482 3035 probabile
498 2953 541 3014 sit
560 2952 649 3017 bunc
673 2954 750 3017 inde
776 2956 972 3040 exscriptum
994 2976 1072 3020 esse.
1100 2952 1293 3034 Exseriptus

206 3058 315 3111 autem
333 3055 380 3111 est
400 3073 441 3112 ex¹
461 3053 572 3116 codice
591 3054 734 3138 integro:
757 3064 793 3118 ut
806 3057 991 3134 Vaticanus,
1013 3063 1166 3116 monente
1192 3049 1293 3129 Maio,

205 3164 293 3209 nunc
306 3148 438 3231 quidem
456 3155 714 3238 est‚'suppletisa
733 3156 913 3217 recentiore
926 3175 1023 3215 manu
1039 3153 1164 3233 aliquot
1180 3147 1291 3221 foliis,

205 3247 262 3309 sed
285 3247 497 3329 quoniamae
516 3250 690 3336 aliqnando
718 3253 862 3331 deerant,
891 3253 967 3313 inde
991 3261 1078 3311 ortae
1099 3257 1175 3310 sunt
1195 3249 1291 3309 lacu·

205 3366 267 3407 nae
285 3347 317 3406 in
336 3347 482 3412 versione
499 3352 676 3426 Personae;
697 3354 774 3415 licet
791 3351 895 3416 codici
918 3372 983 3433 qno
1005 3349 1032 3412 is
1050 3370 1126 3410 usus
1149 3356 1197 3410 est
1212 3370 1290 3410 cnm

203 3443 428 3534 Rehdigerano
443 3450 587 3533 proxima
610 3450 787 3514 intercedat
810 3450 956 3512 affinitas.
988 3449 1109 3512 Tamen
1127 3447 1182 3509 bic
1199 3445 1289 3511 Vati-

204 3563 300 3606 canus
325 3545 427 3608 codex
446 3550 483 3610 ut
506 3550 681 3633 aliquando
704 3531 910 3637 inspiciatur,
932 3547 1108 3633 optandum
1131 3557 1197 3619 est;
1219 3565 1287 3628 quo

202 3643 299 3724 plane
312 3644 352 3706 de
370 3644 433 3706 lide
454 3656 549 3730 atque
567 3650 752 3710 anctoritate
771 3647 984 3730 Rebdigersni
1006 3655 1152 3724 constare
1176 3643 1287 3728 possit.

201 3740 370 3805 Praeterea
384 3765 425 3809 ex
437 3746 691 3809 Montefalconio
704 3747 866 3809 Harlesius
881 3746 1030 3808 Fabricio
1042 3742 1243 3828 adscripsit,
1234 3763 1288 3803 in·

200 3845 326 3925 tegrum
345 3848 426 3928 opus
444 3853 568 3907 exstare
578 3867 691 3926 graece
706 3846 928 3909 intercodices
938 3848 1073 3930 scriptos
1093 3841 1287 3909 Ottobonis-

202 3959 277 4014 noas
300 3950 396 4026 atque
418 3942 452 4005 in
472 3944 544 4012 cod.
560 3947 685 4014 Mntv.
701 3946 917 4012 bibliothecae
936 3948 1111 4013 vaticanae
1133 3942 1285 4026 autiquae

215 4116 217 4118 ·
237 4096 282 4167 29)
300 4096 368 4150 llist.
388 4099 406 4148 1.
423 4115 450 4168 7.
467 4114 494 4167 p.
515 4096 569 4175 78.Χ
