2738 4816
401 248 683 317 nrsnosmsuu
712 255 738 315 ι.
768 254 802 324 α.
996 189 997 194 ¹
1098 256 1149 340 27
1236 257 1241 265 ·

106 404 219 496 Ἅιιννάρ
248 401 449 491 Κουαδράτφ
476 405 624 486 ἕπεσθαι,
657 404 754 490 άντλρί
769 405 930 494 Ἰταλιοότη
947 411 1001 472 καί
1015 406 1053 472 τά
1074 409 1105 472 Γ
1101 421 1183 491 ερ-λ.
1196 420 1224 472 C.
1237 419 1287 476 552

101 505 199 590 μανικά
213 509 244 583 ἒς
264 500 301 568 τό
325 502 456 589 α’κριβὲς
471 496 744 600 ἀναγεγραμμένην,
761 505 929 588 ξόγκλυδὲς
943 507 1023 574 εἰσιν
1031 493 1177 590 άνθροι-ι
1190 493 1212 543 Ῑ·
1227 495 1261 545 ²⁶
1349 514 1355 536 “·

11 618 18 661 ι’
107 627 149 670 ποι
161 608 205 671 καί
217 600 356 686 μιγάδες,
376 601 432 665 καί
453 604 546 666 τοῦτο
569 600 701 668 δύναται
725 601 867 690 αότοῖςῆ
887 605 1059 686 ε’παονυμιόι.
1080 605 1153 669 τοό-

16 715 19 719 ‘
106 727 166 778 τους
179 705 208 766 di
226 697 378 786 πρότερον
404 699 632 786 Θευδίριχοςό
656 704 719 767 τῶν
738 705 771 767 Γ
768 700 868 768 ότθοιν
885 699 1045 784 βασιλικός,
1065 702 1157 787 ἡνίκα

16 868 18 875 ς
83 799 152 873 ,ὁκαὶ
166 803 212 885 τῆς
220 797 380 884 ξυμπάσης
397 798 541 875 Ἰταλίας
563 798 700 885 ἐκράτει,
720 802 755 877 ἐς
778 801 877 888 φόρου
900 800 1069 886 άπαγοιγὴν
1094 826 1157 866 πα-
1224 830 1226 835 s

11 893 17 967 i
105 896 330 983 ραοτηαάμενος,
350 897 499 981 κατήκοον
516 893 583 981 εἶχε
596 896 633 963 τό
652 884 763 985 φῦλόν.
783 899 828 977 cic
853 899 923 967 δὲό
944 902 1005 982 μὲν
1022 899 1154 984 duellem,

11 994 14 1077 ἰ
103 993 122 1060 ό
141 999 169 1061 δὲ
186 989 537 1086 μίγιοτοςΊουοτινιανρῖ
553 1021 588 1062 τε
612 999 657 1087 τῷ
671 993 842 1080 Ῥωμαίων
861 999 1067 1084 αὐτοκράτορι
1093 1003 1148 1064 κατ’
1156 1011 1181 1061 1)

98 1102 162 1171 -τοΐς
175 1098 198 1159 Γ
196 1094 294 1173 ότθοις
315 1092 448 1177 πόλεμος
461 1089 655 1182 ξυνερῥάγη,
684 1094 757 1163 τότε
780 1098 819 1184 δὴ
839 1096 868 1164 οἱ
886 1100 918 1162 Γ
915 1096 1005 1163 ότθοι
1026 1097 1154 1162 duodo.
1223 1121 1228 1131 ”

103 1192 225 1271 πεόοιτες
237 1193 312 1271 τούς
326 1195 499 1281 Φράγγοος,
521 1194 577 1260 καί
593 1191 677 1274 όπαις
693 1189 732 1262 άν
759 1198 866 1274 αὐτοῖς
889 1195 977 1284 φιλοι
999 1220 1035 1261 τε
1058 1199 1091 1271 ἐς
1112 1194 1152 1262 τά

67 1289 217 1371 ιομάλιοτα·
231 1295 286 1358 καί
312 1284 399 1358 κάνοι
420 1294 556 1378 γένοιντο
572 1293 812 1380 μηχανώμενοι,
832 1293 948 1382 ἑτέρων,
972 1319 1007 1360 τε
1030 1297 1153 1361 πολλῶν

98 1386 249 1463 Γε’ξάιιονται
264 1390 403 1478 χωρίων,
413 1393 467 1456 καί
475 1395 536 1474 μὲν
554 1390 593 1478 δη
605 1392 661 1458 καί
677 1392 712 1458 τό
730 1390 944 1476 Ἀλαμανικόν
960 1396 1048 1475 γένος
1060 1394 1154 1478 α’φίε-

95 1502 158 1550 υον.
175 1483 299 1575 άγείρειν
312 1513 346 1554 τε
362 1487 421 1576 γάρ
441 1492 476 1555 ἐν
491 1493 534 1578 τῷ
541 1488 612 1557 τότε
624 1491 821 1575 πανταχόθεν
831 1490 889 1568 τάς
905 1485 1059 1578 σφετέρας
1075 1481 1153 1578 ᾤον-

22 1622 33 1627 ·
98 1605 135 1646 σθ
149 1590 242 1670 χρῆναι
260 1584 419 1670 δυνάμεις,
441 1586 496 1653 καί
517 1589 573 1674 τῆς
592 1587 731 1674 άπηκόου
751 1588 853 1655 ὁπόσα
884 1585 1014 1675 περιττά
1040 1588 1096 1652 καί
1112 1581 1150 1651 ori

104 1679 162 1745 λίαν
175 1685 311 1772 ἐπίκαιρα
327 1690 492 1773 μεθιέναι,
513 1686 557 1763 τάς
576 1688 684 1761 οὐκέτι·
703 1681 805 1774 ’ἀρχῆς
826 1713 860 1753 τε
885 1691 959 1774 πέρι
985 1685 1041 1753 καί
1059 1685 1152 1770 δόξης

55 1779 307 1869 .ι5άγυνιοάμενοι,
330 1781 400 1853 ,ἄλλ’
419 1778 480 1871 ἤδη
494 1784 549 1852 τόν
562 1783 643 1873 ὑπὲρ
664 1783 763 1873 αάτῆς
787 1791 843 1874 τῆς
857 1781 1003 1869 Ἰταλίας,
1023 1785 1078 1851 καί
1093 1791 1151 1851 τοῦ

93 1875 140 1960 γμὴ
150 1879 260 1963 πάμπαν
276 1880 473 1952 άπολοολίναι
490 1879 718 1973 άναρῥίψοντες
735 1886 887 1966 κίνδυνον.
908 1884 963 1952 καί
976 1889 1082 1953 τοίνυν
1100 1884 1137 1951 τό
1145 1905 1173 1965 Ρ,
1183 1905 1217 1960 13

99 1978 296 2059 τοόμὲλλοντος
312 1981 471 2070 σφαλερόν
489 1987 533 2073 τῷ
546 1978 838 2074 αόθαιρέτφδηθεν
855 1990 911 2072 τῆς
930 1987 1056 2070 γνώμης
1074 2011 1151 2070 προ-

99 2083 303 2163 καταλαβόντος,
318 2077 466 2147 ἑκουσίαν
480 2086 665 2169 πεποίηνται
679 2082 735 2167 την
753 2080 896 2169 ἀνάγκην.
916 2080 1001 2149 οὕτω
1027 2083 1066 2169 δη
1093 2078 1150 2150 οὖν

99 2174 144 2234 κοί
158 2175 185 2240 τό
202 2184 260 2246 τῶν
277 2175 466 2262 Ἀλαμανοῖν
488 2179 583 2259 ε”θνος
599 2181 659 2248 sind
681 2186 712 2249 Γ
711 2180 814 2248 druos
839 2178 1009 2269 ἀφειμένον
1035 2181 1171 2255 &sudi-⁸

52 2272 186 2354 12⁰ss⁶t²⁰c
201 2276 293 2358 οὗτός
305 2279 508 2366 ἐχειρώσατο·
526 2281 645 2348 ἐκείνου
665 2307 700 2347 τε
722 2286 965 2370 διαφθαρέντος,
985 2275 1063 2371 ᾖπέρ
1093 2306 1150 2366 μοι
1255 2300 1260 2308 “

96 2359 146 2455 ἤδη
159 2377 342 2467 ἐρρηθηέπί
356 2378 409 2447 τόν
425 2383 756 2468 παῖόαΘευάάλαλδον
772 2386 812 2473 τῇ
830 2385 924 2471 λοιπῇ
939 2380 1007 2466 άμα
1025 2380 1149 2472 ὑπηκόῳ

94 2472 140 2534 καί
147 2477 200 2542 οἵδε
215 2478 367 2566 ἑχοόρουν.

110 2607 111 2610 ’
152 2613 169 2655 ι.
183 2597 355 2670 Κοοαόράτφ
362 2601 391 2652 R.
403 2608 431 2654 et
445 2599 687 2673 Intpr.,Kadpdrp
696 2604 767 2671 vulg,
822 2622 846 2658 a.
857 2599 1147 2673 άναγεγραμμένριΒ.,

148 2665 366 2742 ἀναγραφομένῳ
377 2673 447 2742 vulg.
518 2671 670 2742 εογκλυδες
693 2675 732 2737 Β,
755 2671 901 2743 ξάγκλιδες
916 2674 1010 2743 Lugd,
1035 2671 1156 2736 tortis--

146 2737 248 2812 dreng.
266 2740 350 2811 Lugd.
366 2750 395 2794 ct
411 2743 473 2796 edd.
543 2746 567 2798 5.
588 2743 791 2813 ἐπαγυγηνλὶ.
860 2761 884 2812 7.
896 2745 935 2814 τη]
950 2748 989 2808 a,
1004 2746 1062 2796 ταῖν
1076 2744 1147 2813 vulg.

149 2815 182 2865 13.
189 2816 292 2884 χρῆναι
308 2829 360 2867 om.
379 2815 409 2866 R.
480 2831 523 2872 as.
541 2813 648 2887 ἐρρέθη
665 2816 694 2866 li.

92 2909 281 2969 alheoutberco
301 2917 419 2985 primum
438 2920 552 2970 accensi.
577 2917 721 2970 Alemanni
739 2924 839 2980 autem,
858 2915 881 2968 si
895 2914 990 2968 Asinio
1004 2913 1146 2984 Quadrato

88 2975 175 3036 homini
190 2988 273 3050 Italo,
299 2989 402 3058 quique
420 3004 462 3039 res
478 2988 651 3040 Germanicas
669 2996 792 3038 accurate
809 2988 984 3055 conscripsit,
1005 2985 1149 3048 credimus,

86 3066 202 3108 convenae
227 3064 293 3110 sunt
317 3067 346 3109 et
369 3057 515 3122 colluvies3
537 3058 613 3129 quod
642 3066 670 3110 et
693 3058 842 3127 appellatio
867 3058 926 3123 ipsa
954 3057 1018 3108 satis
1036 3055 1148 3108 indicat

83 3121 126 3175 Hos
149 3137 227 3180 antea
248 3127 434 3181 Theodericus
458 3127 611 3181 Gothorum
636 3145 699 3191 rex,
733 3144 793 3183 cum
820 3129 901 3179 etiam
927 3129 1052 3179 universa
1070 3127 1149 3178 ltalia

79 3196 215 3262 potiretur,
226 3197 386 3250 tributarios
397 3200 500 3251 fecerat
513 3207 653 3268 totamque
665 3198 735 3249 hanc
743 3206 856 3268 gentem
870 3198 1021 3268 subegerat.
1047 3196 1149 3249 Simul·

77 3274 147 3337 atque
169 3285 233 3320 vero
254 3270 278 3320 is
297 3287 312 3321 e
330 3270 398 3321 vivis
416 3269 548 3332 excessit,
576 3270 827 3340 atrocissimumque
847 3268 951 3321 bellum
971 3270 1044 3321 inter
1065 3268 1149 3320 lusti-

68 3339 176 3389 uianum
201 3341 383 3391 Romanorum
400 3341 593 3409 Imperatorem
617 3346 646 3391 et
667 3339 772 3392 Gothos
796 3342 956 3392 exarsisset:
987 3348 1045 3392 tum
1063 3337 1148 3391 Gothi

72 3407 174 3461 Francis
192 3409 345 3471 adulantes,
362 3427 510 3482 eorumque
526 3411 676 3462 amicitiam
695 3418 723 3463 et
735 3411 955 3463 benevolentiam
971 3411 1148 3482 quibuscum·

72 3495 118 3548 quc
136 3488 265 3549 poterant
280 3480 369 3533 modia
386 3480 440 3533 sibi
459 3482 644 3544 conciliantes,
665 3489 693 3533 et
711 3482 773 3533 aliis
789 3482 883 3534 multis
898 3481 966 3533 locis
980 3481 1060 3533 eiecti
1076 3487 1149 3540 sunt,

71 3557 95 3599 et
111 3519 315 3602 Ahemannicam
333 3559 440 3621 gentem
460 3550 633 3609 dimiserunt.
677 3551 817 3621 Cogendae
836 3554 909 3604 enim
930 3552 984 3604 sibi
1003 3559 1060 3602 tum
1078 3558 1147 3601 tem-

68 3621 134 3685 poris
152 3621 282 3692 undeque
304 3639 338 3674 uc
348 3624 419 3674 vires
434 3639 494 3674 suas
509 3622 654 3691 putabant,
673 3623 854 3694 subditosque
870 3629 1007 3692 quotquot
1020 3637 1151 3689 superva-

67 3694 138 3742 canei
156 3709 251 3763 neque
269 3640 414 3744 admodum
432 3695 580 3762 opportuni
597 3693 754 3745 viderentur
770 3695 865 3745 missos
880 3693 1029 3753 faciendos,
1048 3691 1151 3760 quippe

62 3764 110 3829 qui
128 3779 185 3813 non
206 3763 322 3830 amplius
343 3761 378 3815 de
395 3765 552 3832 principatu
571 3772 599 3815 et
612 3765 697 3833 gloria
716 3773 807 3816 essent
824 3763 1012 3822 concertaturi,
1030 3761 1079 3812 scd
1097 3762 1149 3812 iam

67 3847 111 3898 pro
129 3834 211 3884 Italia
230 3835 305 3901 ipsa,
323 3851 393 3885 neve
410 3833 535 3886 funditus
555 3833 725 3896 delerentur,
749 3834 900 3901 periculum
922 3832 1035 3888 adituri.
1070 3832 1150 3901 Quo-

69 3902 131 3954 circa
144 3920 207 3954 cum
224 3903 346 3954 futurum
361 3905 512 3972 periculum
528 3905 581 3974 ipsi
598 3907 696 3960 nimis
711 3906 767 3955 suis
783 3905 985 3972 praecepissent
1001 3909 1029 3953 et
1042 3905 1149 3971 praevi-

70 3965 185 4034 dissent,
214 3973 385 4024 uoluntatem
406 3992 479 4026 suam
497 3975 530 4026 ad
550 3977 740 4026 necessitatem
760 3981 943 4043 aggregarunt
981 3972 1038 4023 Hoc
1056 3975 1151 4043 itaque

69 4044 240 4095 modoetiam
258 4043 468 4095 Alemauuorum
482 4047 621 4098 nationem
633 4063 649 4095 a
662 4045 761 4096 Gothis
778 4044 914 4095 dimissum
932 4046 959 4094 in
976 4061 1052 4093 suram
1069 4050 1149 4112 pote*

72 4119 158 4164 statem
179 4114 298 4177 redegit:
320 4131 374 4182 quo
393 4124 514 4176 snorum,
534 4126 564 4168 ut
582 4133 662 4182 supra
680 4116 782 4166 dictum
805 4121 862 4175 cst,
881 4112 1076 4172 'sheotlibaldo
1092 4112 1149 4162 tilio

73 4197 119 4234 uua
141 4201 203 4235 cum
222 4183 336 4253 reliquis
356 4183 472 4237 subditis
492 4186 575 4239 ctiam
595 4184 791 4250 hicesssruut.
