2730 4816
178 246 254 306 112
545 305 548 313 ,
577 304 578 309 ,
617 240 827 309 autemst

26 417 56 472 t.
74 414 103 471 c.
113 417 164 485 554
257 397 316 481 κβ.
350 399 393 466 ‘0
411 399 446 465 u
461 393 653 485 Μερμερύης
668 397 702 472 ἐς
709 393 748 461 τά
763 395 978 482 Χυτροπύλια
993 394 1264 488 παραγενόμενος,

72 489 229 562 L¹·28aou*
247 495 349 563 πολλά
365 499 422 583 τῆς
445 497 619 583 άνανδρίοις
647 495 850 572 ἐπιτωθάσας
878 493 955 573 τούς
980 498 1038 563 ούκ
1053 493 1184 572 άΐοντας
1202 495 1269 560 aas*

172 594 449 682 λοιδορησάμενος,
479 592 569 679 ἔγνον
584 589 629 678 μή
650 596 823 679 περαιτέρω
852 596 955 675 ἰέναι,
985 597 1067 680 μηδὲ
1091 597 1130 682 τῇ
1153 594 1257 683 Νήσῳ

170 693 399 781 προσβάλλειν.
428 685 499 759 oisc
533 688 592 778 γάρ
615 689 653 757 τά
681 688 841 776 ἐπιτήδεια
864 684 1085 780 ἐκπορίζεσθαι
1111 692 1254 780 τοσούτῳ

171 797 297 882 στρατῷ
317 795 441 880 ἐνμέση
459 795 496 880 τῇ
519 790 652 880 πολεμίᾳ
667 785 731 868 οἷός
747 815 780 854 τε
797 783 846 874 ἧν,
868 783 941 855 ούτε
959 785 1325 878 &impugnanti-5

93 905 250 964 Ρ.6θαστο
273 897 307 968 ἐς
331 892 521 976 πολιορκίαν.
542 888 701 976 τοιγάρτοι
725 891 942 975 άποπορευτέα
961 893 1022 971 μὲν
1047 885 1146 966 αὖθις
1166 890 1256 980 αύτῷ

168 991 223 1060 ἐπί
244 989 382 1077 Τήλεφίν
404 1012 437 1053 τε
458 986 514 1052 καί
537 987 595 1074 τήν
621 990 720 1076 ἐκείνη
749 988 932 1075 δυσχωρίαν
956 991 995 1053 ού
1018 992 1106 1071 μάλα
1140 988 1255 1072 ἐδόκει,

171 1092 278 1172 ξύλοις
294 1092 329 1156 δὲ
347 1087 402 1152 καί
423 1086 561 1169 άκάτοις,
583 1082 605 1151 ά
625 1083 664 1172 δη
687 1089 721 1162 ἐς
738 1091 829 1154 τοῦτο
855 1091 1043 1173 ἐπεποίηντο,
1066 1086 1178 1166 ζεύξας
1196 1085 1255 1163 τάς

173 1195 236 1256 .τοῦ
246 1179 496 1271 Φάσιδοςάχθας
511 1184 567 1254 καί
583 1181 808 1273 οἶονζγέφυραν
816 1184 1050 1271 τεκτηνάμενος,
1070 1190 1253 1271 διεβίβασεν

175 1284 279 1363 άδεῶς
295 1281 428 1352 ἅπαντά
449 1286 645 1373 στράτευμα,
667 1283 795 1362 ούδενός
813 1289 1032 1370 ἐνοχλοῦντος.
1046 1285 1102 1351 καί
1120 1284 1160 1372 δὴ
1178 1284 1292 1363 τούςι
1310 1305 1340 1349 ο

170 1390 216 1462 εἰς
235 1382 564 1472 ὈνόγουρινΠέρσας
586 1382 775 1472 ἱδρυμένους
795 1383 831 1452 τά
851 1380 1025 1472 φρούριον,
1048 1381 1067 1450 δ
1084 1383 1122 1470 δὴ
1140 1383 1255 1473 πρότε-

157 1509 228 1572 ρον
259 1479 355 1560 αύτὸς
376 1487 410 1550 ἐν
434 1489 472 1574 τῇ
500 1481 754 1572 Ἀρχαιοπύλεως
776 1487 944 1571 περιοικίδι
959 1486 1157 1568 ἐπιτείχισμα
1175 1482 1254 1551 κατά

169 1588 232 1652 τῶν
253 1583 425 1666 Ῥωμαίων
449 1582 680 1670 κατεστήσατο,
701 1581 792 1669 άλλά,
805 1580 935 1660 τούτους
959 1609 1004 1670 με
1018 1582 1093 1660 τούς
1118 1588 1254 1671 Πέρσας

170 1684 403 1768 ἐπιθαρσύνας,
433 1682 489 1748 καί
513 1679 623 1769 ἑτέραν
642 1680 781 1764 δύναμιν
795 1681 960 1766 ἐμβαλών,
986 1681 1042 1747 καί
1062 1678 1187 1748 άπαντα
1212 1680 1252 1748 τά

167 1785 253 1870 τῇδε,
268 1779 312 1857 ὥς
325 1783 407 1866 ἐνῆν,
421 1781 657 1868 κρατυνάμενος,
681 1779 777 1848 πάλιν
803 1780 835 1856 ἔς
853 1805 888 1845 τε
909 1778 1063 1847 Κοτάϊσιν
1084 1780 1141 1846 καί
1155 1787 1284 1857 Moe-‚1
1308 1771 1329 1838 5

165 1885 302 1968 χείρισιν
317 1883 478 1966 ἐπανῆκεν.
500 1881 614 1944 αὐτίκα
628 1883 663 1944 δὲ
685 1877 767 1969 νόσῳ
781 1879 844 1944 τινί
858 1883 1062 1963 πεπιεσμένος
1077 1879 1132 1946 καί
1148 1883 1253 1945 διατε-

78 2009 89 2032 2
167 1978 237 2057 θείς
260 1980 465 2064 χαλεπώτατα
472 2030 483 2061 ,
506 1976 541 2044 τὸ
556 1982 615 2060 μὲν
635 1986 780 2045 πλεῖστον
806 1983 862 2044 τού
881 1982 1017 2067 στρατιά
1034 1977 1089 2065 καί
1112 1976 1253 2061 άλκιμά-

167 2104 264 2145 τατον
293 2078 394 2143 αύτού
415 2079 636 2167 καταλέλοιπεν
663 2079 913 2165 διαφυλάξοντας
946 2075 986 2144 τά
1005 2081 1119 2161 οἰκεῖα,
1154 2076 1253 2154 αύτός

142 2183 210 2250 Βδὲ
224 2180 257 2254 ἐς
273 2179 417 2264 Ἰβηρίαν
430 2176 487 2262 τήν
500 2176 610 2264 χώραν
621 2182 789 2263 μετῆλθεν.
808 2176 863 2243 καί
889 2177 993 2244 τοίνυν
1024 2181 1057 2255 ἐς
1072 2175 1163 2244 πόλιν
1178 2183 1252 2243 Με-

168 2277 267 2364 σχιδά
295 2273 379 2342 ούτω
404 2280 597 2363 καλουμένην
617 2274 711 2360 μόλις
732 2278 871 2362 ἠγμένος,
895 2277 951 2343 καί
976 2278 1033 2350 ούκ
1058 2275 1189 2362 ἐνεγκών
1214 2274 1351 2342 τὸνο

235 2423 260 2475 7.
281 2404 330 2456 Pro
353 2402 402 2456 lut
425 2403 486 2467 Τηλ.
509 2431 546 2443 -
566 2399 730 2475 δυσχωρίαν
753 2403 828 2457 suit.
853 2421 873 2456 s.
885 2421 910 2458 τ.
927 2402 1125 2476 δποπορευτέα
1142 2405 1250 2474 ineptes

233 2476 292 2527 τῶν
311 2475 359 2526 ἐπὶ
384 2472 477 2525 Φύσιν
497 2477 635 2544 ποταμῶν
658 2478 708 2526 καὶ
733 2477 790 2527 τῶν
808 2475 901 2547 ἐκείνη
920 2474 1097 2546 δυσχωριῶν.
1196 2473 1252 2538 Τή-

234 2546 319 2615 λεφιν
337 2546 380 2607 tt,
404 2543 532 2612 Τήλεφον
546 2545 615 2613 vulg.
685 2547 709 2598 8.
731 2545 826 2606 ξύλοις
845 2544 876 2598 δὲ
899 2550 947 2607 καὶ
963 2542 1125 2608 daurom&
1149 2539 1183 2608 tt
1202 2548 1251 2610 tt,

233 2617 316 2682 Intpr.
331 2617 431 2686 parvis
449 2615 573 2684 travigiis
585 2643 619 2652 -—
633 2615 756 2668 cratibus
765 2618 921 2690 pluteisque
936 2616 1164 2688 superimpositis,
1180 2617 1252 2668 Ρίισ·

234 2684 303 2738 sidis
318 2686 395 2756 ripas
408 2714 445 2724 -
459 2687 576 2755 iungit,
592 2683 660 2744 ξύλα
676 2684 767 2738 δὲκαὶ
780 2685 920 2749 οἷκάτους,
939 2689 970 2740 αἳ
989 2683 1022 2751 δὴ
1038 2688 1111 2756 vulg.
1223 2687 1251 2737 t-

233 2759 389 2823 τιεποίηχτο
406 2757 452 2815 lt,
475 2759 629 2819 πεποίηντο
649 2757 720 2825 vulg.
824 2775 848 2826 9.
868 2755 1024 2824 διεβίβασεν
1041 2759 1081 2820 lt,
1099 2755 1252 2825 διεβίβαζεν

234 2828 304 2896 vulg.
378 2848 380 2850 ’
398 2843 436 2880 ιι.
448 2824 615 2896 Ὀνόγουριν
628 2827 655 2875 R.
666 2835 693 2877 et
704 2829 805 2895 Intpn,
822 2827 1008 2896 Ὀνούγουριν
1024 2829 1096 2898 vulg.
1149 2830 1188 2880 18.
1204 2828 1252 2878 καί

235 2899 326 2949 οἰκεῖα
343 2898 372 2947 R.
437 2914 475 2966 ¹9·
491 2895 531 2947 At
549 2897 690 2968 μετῆλθεν
707 2896 768 2949 add.
789 2899 872 2967 Intpr.
891 2900 923 2952 in
941 2897 1069 2954 hiberna.
1109 2887 1247 2969 Μεσχιθά

237 2969 283 3033 tt,
300 2967 434 3022 Misclrita
455 2968 548 3036 Intpr.‚
568 2963 724 3036 Μεσχισθά
743 2970 814 3039 vulg.

236 3095 277 3131 aa.
313 3079 476 3130 Mermeroes
499 3092 562 3128 vero
593 3094 654 3129 cum
679 3077 714 3130 ad
733 3078 835 3131 Ollaria
858 3079 994 3143 venisset,
1018 3077 1167 3149 multisque
1185 3096 1252 3132 con·

141 3187 143 3201 .
167 3150 287 3200 tumeliis
299 3151 441 3200 verborum
458 3149 603 3198 mollitiem
619 3150 806 3219 ignaviamque
823 3169 879 3203 non
899 3150 1073 3202 audientibus
1095 3150 1250 3212 obiecisset,

165 3219 271 3269 censuit
296 3219 409 3269 ulterius
432 3219 485 3269 sibi
509 3219 739 3288 progrediendum
761 3239 817 3272 non
837 3238 912 3283 esse,
927 3237 1016 3290 neque
1032 3220 1151 3280 Insulam
1171 3220 1248 3272 inva-

165 3285 290 3338 dendam.
331 3287 427 3358 Neque
446 3290 518 3338 enim
541 3297 619 3340 tanto
649 3292 780 3342 exercitui
798 3300 959 3342 commeatus
980 3292 1009 3341 in
1031 3289 1121 3342 medio
1143 3289 1253 3350 hostilis

165 3365 252 3409 terrae
269 3366 413 3424 suppetere
429 3359 578 3425 potuisset,
599 3376 688 3430 neque
710 3361 834 3430 alioquin
849 3362 883 3413 ad
897 3362 1068 3413 obsidionem
1084 3360 1156 3411 hene
1178 3357 1254 3413 com'·

163 3435 273 3496 paratus
288 3434 352 3478 erat.
389 3426 525 3495 Quocirca
542 3427 710 3480 redeundum
722 3431 775 3481 sibi
791 3431 926 3499 Telephin
940 3440 968 3484 et
990 3431 1024 3482 ad
1043 3431 1104 3481 illas
1132 3431 1255 3483 locorum

165 3497 340 3549 difficultates
355 3513 528 3567 nequaquam
548 3515 676 3564 censens,
698 3501 800 3552 tabulis
818 3503 991 3572 cratibusque
1011 3509 1039 3552 et
1062 3500 1167 3553 ratibus
1193 3518 1255 3553 eum

164 3568 194 3620 in
215 3585 292 3619 usum
318 3567 447 3619 conlectis
467 3565 588 3618 Phasidis
611 3569 681 3636 ripas
700 3571 830 3640 iungens,
852 3589 883 3622 ac
904 3572 990 3634 veluti
1013 3581 1097 3640 ponte
1108 3578 1255 3637 sternens,

165 3641 321 3690 universum
342 3639 489 3689 exercitum
506 3637 652 3706 intrepide,
671 3641 780 3692 nemine
798 3641 957 3705 obsistente,
978 3643 1103 3704 traiecit,
1117 3658 1148 3693 ac
1161 3643 1253 3695 Persas

164 3708 284 3778 quidem,
303 3726 378 3780 equos
401 3709 431 3759 in
449 3706 569 3775 Onogori
595 3707 710 3774 locarat,
727 3712 848 3775 castello,
866 3713 940 3782 quod
961 3713 1018 3780 ipse
1039 3721 1117 3764 antea
1134 3714 1165 3764 in
1184 3713 1253 3764 diti-

163 3796 217 3831 one
240 3777 493 3848 Archaeopolitana,
511 3785 543 3827 ut
569 3775 694 3831 adversus
714 3782 846 3833 Romanos
869 3784 1065 3851 propugnaculi
1089 3784 1149 3834 loco
1173 3792 1254 3846 esset,

164 3859 386 3913 struxerat,cum
409 3849 554 3900 animasset
576 3849 765 3921 validioreque
790 3850 925 3920 praesidio
948 3854 1082 3915 auxisset,
1106 3854 1252 3922 omniaque

165 3921 224 3970 illic
237 3929 368 3988 quantum
390 3926 498 3986 poterat
515 3925 723 3984 communisset,
749 3922 903 3974 Cotaesium
923 3920 1012 3974 denuo
1031 3929 1059 3973 et
1080 3921 1253 3976 Muchirisim

165 4007 194 4041 se
212 3993 326 4056 recepit.
361 3993 481 4058 Repente
498 3996 589 4039 autem
609 3991 705 4042 morbo
729 3993 847 4063 quodam
875 4002 1026 4062 correptus,
1047 4009 1108 4052 cum
1134 3997 1252 4062 pessime

159 4059 295 4121 haberet,
319 4062 433 4112 maxima
455 4057 674 4130 validissimaque
695 4065 828 4122 exercitus
852 4073 938 4132 parte,
962 4065 1011 4133 qui
1034 4079 1082 4114 sua
1100 4071 1253 4127 tuerentur,

166 4129 206 4180 ibi
218 4129 322 4191 relicta,
339 4129 439 4198 ipsein
461 4129 578 4181 Iberiam
592 4134 733 4195 concessit,
756 4149 888 4204 aegreque
904 4136 933 4185 in
950 4132 1081 4204 oppidum
1097 4133 1252 4187 Meschitha

164 4203 204 4254 ita
230 4197 334 4253 dictum
369 4199 491 4264 delatus,
520 4216 581 4252 cum
609 4203 665 4258 vim
695 4204 783 4257 morbi
809 4205 880 4268 ferre
907 4221 963 4269 non
988 4212 1097 4273 posset,
1114 4205 1169 4271 „ibi
1194 4215 1252 4259 tum
