2730 4816
224 270 303 326 100
477 341 479 344 Α
555 305 557 310 -
588 310 591 315 -
625 304 627 309 v
654 270 864 336 uerrutis:

70 433 100 484 Δ.
113 429 142 484 c.
158 413 435 511 tttdypossdrepos
453 426 654 508 πεποιημένα.
695 415 809 510 ἀνδρες
832 426 868 491 δέ
887 422 1045 512 σποράδην
1062 400 1303 511 'tuanen-en-

110 504 130 554 1.
142 504 162 554 1.
171 505 206 559 28

181 574 206 626 D

215 525 365 606 φαίνοντο
384 523 570 609 σκυθρωποί
592 544 629 587 τε
654 514 737 606 ἀμαυ
762 522 818 588 καί
834 532 1002 609 κατηφεῖς,
1033 527 1090 588 καί
1114 520 1220 609 οἵσπερ
1248 549 1303 590 τε-

212 621 354 686 λεώτατα
373 625 417 710 τῷ
437 625 579 712 σφετέρῳ
597 625 656 710 βίιρ
680 621 890 708 ἀπειρηκότες
908 621 987 708 πρὸς
1016 620 1076 709 γὰρ
1100 632 1168 700 τοῖς
1191 616 1303 700 ἀλλοις

214 721 329 795 δεινοῖς
349 724 405 784 καί
430 716 516 785 ἀπαν
535 719 572 783 τὸ
599 719 768 804 ἐπιχώριον
794 715 898 804 iidoc,
926 719 984 805 τὴν
1009 723 1068 785 τοῦ
1103 721 1302 808 ἀκραιφνοῦς

209 819 271 882 ’καί
285 821 419 900 ποτίμου
438 815 535 904 φύσιν
551 814 670 904 ἀθρόον
684 820 904 906 ἀφῃρημένον,
925 821 959 894 ἐς
976 814 1012 882 ed
1033 816 1175 904 ἁλμυρόν
1195 815 1324 905 ἧρέμαᾶ

214 918 271 980 καί
288 908 405 982 ῦποτον
428 919 641 1000 μετεβέβλητο.
683 917 738 981 καί
752 911 798 1002 ἦν
811 913 936 982 ἅπαντα
961 915 999 982 τοὶ
1016 919 1088 1004 τῇδε
1108 919 1226 1003 φευκτά
1243 917 1304 983 καί

214 1015 485 1100 ἀνατετραμμένα,
506 1013 549 1091 οῦς
564 1019 663 1100 μηδὲν
677 1019 781 1100 ἕτερον
796 1015 1027 1102 ἀπολελεῖφθαι
1045 1017 1082 1103 τῇ
1105 1014 1193 1079 πόλει
1218 1013 1301 1103 πρὸς

190 1108 402 1194 εὐκοσμίαν,
420 1106 555 1198 ἢμόνον
576 1111 612 1179 τὸ
630 1113 750 1197 κλεινόμ
763 1118 826 1180 τῶν
857 1107 1096 1199 Ἀσκληπιαδῶν
1115 1106 1214 1195 ὄνομα
1245 1117 1304 1180 καί

135 1211 205 1272 nit

212 1209 271 1295 τήν
286 1212 337 1296 ἀφ’
352 1208 549 1298 Ἱπποκράτει
572 1216 802 1297 μεγαλαυχίαν.
835 1212 995 1299 οἰκτείρειν
1010 1216 1069 1294 μὲν
1082 1206 1141 1279 οῦν
1154 1213 1193 1278 ed
1208 1214 1302 1278 τοιά-

131 1315 248 1387 V.39'ds
264 1311 303 1378 οά
318 1306 430 1397 πόρῥω
446 1315 504 1376 τοῦ
512 1313 711 1398 ἀνθρωπείου
729 1313 848 1398 τρόπου
859 1308 940 1377 εἶναι
956 1315 1050 1393 δοκεῖ,
1070 1309 1340 1394 θανμάζεινάὲιο

213 1411 351 1493 ἀτεχνῶς
365 1409 421 1474 καί
435 1414 716 1496 καταπεπλῆχθαι,
737 1408 861 1495 ἀνδρῶν
883 1404 986 1496 ἀνείη
1010 1405 1049 1477 οῦ
1065 1409 1153 1493 μάλα
1179 1410 1219 1476 τὰ
1236 1438 1302 1476 πα-

207 1507 288 1574 ’λαιά
306 1512 538 1593 ἐπισταμένων,
553 1505 629 1576 οῦδὲ
646 1506 696 1575 ὅτι
723 1511 813 1575 έσαεί
828 1515 923 1575 τοῦτο
948 1508 987 1596 dr}
1007 1504 1116 1594 τὸτῆς
1139 1506 1218 1593 ῦλης
1231 1535 1302 1592 χω-

212 1609 282 1695 ρίον
297 1610 422 1674 ποικιλα
440 1607 616 1694 παθήματα
649 1609 864 1692 ὑποδέχεσθαι
889 1612 1020 1696 πέφυκε.
1059 1608 1219 1684 πολλάκις.
1236 1605 1300 1694 yolo

211 1698 273 1791 ἤδη
290 1706 345 1770 καί
356 1704 507 1793 πρότερον
521 1705 627 1784 πόλεις
635 1733 674 1790 ’γε
691 1704 763 1772 ῦλαι
777 1711 894 1796 σεισμῷ
911 1707 1144 1794 διεφθάρησαν,
1165 1706 1210 1781 (ῦς
1222 1705 1300 1782 τοῦς

207 1805 367 1889 ἀρχαίους
386 1805 548 1892 οἰκήτορας
572 1805 793 1889 ἀποβαλοῦσαι
813 1808 836 1871 v‘
841 1810 875 1895 φ’
898 1804 1014 1894 ἑτέροις
1034 1803 1132 1883 αάθις
1148 1807 1337 1880 οἰκισταῖςιῦ

132 1961 149 1971 ,,
207 1907 450 1990 ἀνορθωθῆναι.

209 2018 213 2022 ”
297 2005 346 2082 ιζ.
385 2002 433 2070 At
448 2006 524 2088 γοῦν
544 2002 726 2093 Τράλλειςῆ
746 2005 843 2088 πόλις,
861 2008 881 2092 ἦ
896 2007 931 2073 έν
946 2007 1087 2096 epirote
1108 1980 1165 2072 νῦν
1179 2011 1299 2075 καλου-

215 2107 293 2190 μένη
306 2104 396 2190 χώρᾳ
416 2098 517 2187 ἀγχοῦ
532 2131 593 2169 που
611 2109 668 2169 τοῦ
688 2103 881 2192 Μαιάνδρου
899 2111 1045 2188 ποταμοῦ
1063 2106 1235 2192 ἱδρυμένη,
1258 2103 1295 2169 τῦ

222 2206 282 2283 μὲν
297 2200 431 2267 παλαιὸν
444 2208 621 2288 Πελασγῶν
637 2208 761 2288 γέγονεν
778 2201 906 2270 ἀποικία
914 2258 923 2288 ,
944 2203 1006 2270 eiad
1023 2208 1057 2270 δὲ
1074 2201 1150 2280 τοῦς
1168 2203 1299 2285 Αῦγοῦ-

175 2319 294 2370 ’Βστου
315 2301 482 2390 Καίσαρος
500 2305 636 2391 χρόνους
648 2306 776 2390 ἐσείσθη
792 2329 826 2368 τε
848 2302 955 2369 ἀπασα
974 2307 1028 2369 καί
1047 2303 1223 2388 ἀνετράπη,
1245 2305 1337 2378 καίηο

285 2429 314 2479 6.
319 2424 499 2494 μεταβέβλητο
511 2427 540 2476 R.
595 2441 619 2494 η.
635 2424 666 2494 τῇ
682 2423 764 2476 πόλει
782 2419 855 2494 πρὸς
867 2424 926 2475 erla.
940 2427 979 2487 R„
992 2418 1065 2492 πρὸς
1080 2419 1168 2473 εάκ.τ.
1184 2436 1214 2471 π.
1227 2420 1298 2490 vulg.

207 2528 209 2532 ,
285 2497 310 2550 8.
325 2490 356 2544 τὸ
373 2496 488 2549 κλεινᾶν
500 2495 660 2549 τιῦνἎσκλ.
675 2496 713 2559 R.,
726 2485 757 2548 sd
767 2500 823 2555 ταῖν
837 2492 927 2546 Ἀσκλ.
938 2496 980 2545 αλ.
991 2494 1061 2562 vulg.
1101 2509 1138 2561 ¹7·
1150 2492 1232 2560 Ἀσίρ
1246 2496 1300 2543 νῦν

286 2567 326 2626 a,
337 2562 390 2616 νῦν
404 2566 486 2632 Ἀσίηι
503 2566 573 2637 vulg.
668 2583 706 2636 ¹9·
727 2563 923 2637 paphlagones
940 2564 968 2624 h.
986 2565 1004 2619 l.
1022 2563 1108 2616 habet
1127 2565 1229 2630 Intpr„
1249 2561 1297 2614 ted

286 2635 357 2687 inira
367 2636 505 2706 Pelasgos.

219 2722 397 2781 domunculae
415 2732 537 2799 integrae
554 2731 677 2794 stabant,
706 2738 734 2784 et
751 2729 804 2782 hae
821 2729 932 2800 quidem
950 2745 1007 2781 non
1025 2743 1095 2798 quae
1114 2744 1147 2778 cx
1165 2725 1239 2779 calce
1269 2733 1298 2778 et

218 2799 309 2867 lapide
329 2808 411 2870 atque
431 2817 464 2851 ex
481 2800 611 2853 solidiore
629 2803 719 2871 aliqua
738 2804 876 2872 magisque
899 2802 973 2851 firma
993 2808 1021 2852 et
1038 2797 1174 2860 durabili,
1188 2800 1230 2849 uti
1247 2815 1296 2866 par

218 2877 270 2933 est,
287 2873 400 2922 materia
419 2880 498 2923 erant
515 2880 648 2935 structae,
666 2871 714 2923 sed
732 2881 836 2922 tantum
855 2867 924 2942 quae
944 2872 1077 2923 exlatere
1094 2886 1149 2920 nou
1168 2875 1248 2920 cocto
1269 2874 1297 2918 et

218 2955 252 2990 ex
276 2942 370 3010 argilla
396 2948 526 3011 agrestem
554 2943 583 2992 in
608 2941 718 2994 modum
740 2951 818 2994 erant
842 2942 996 2992 fabricatae.
1039 2939 1198 2991 paucissimi
1230 2955 1296 2993 vero

217 3011 330 3078 sparsim
347 3010 471 3064 homines
489 3013 683 3080 comparebant
700 3014 772 3064 tristi
795 3012 940 3065 admodum
960 3011 1131 3081 demissoque
1149 3010 1241 3070 vultu,
1270 3016 1299 3060 et
1343 3005 1352 3018 '

216 3081 302 3131 veluti
327 3091 445 3133 extreme
472 3083 506 3134 de
533 3083 591 3135 vita
610 3101 657 3135 sua
681 3081 864 3153 desperantes.
908 3083 1016 3134 Praeter
1041 3082 1095 3132 alia
1125 3081 1199 3131 euim
1226 3080 1298 3130 mala

218 3151 305 3200 omnis
321 3153 402 3203 etiam
419 3152 503 3203 totius
521 3152 616 3221 oppidi
636 3171 719 3224 aqua,
745 3171 813 3222 pura
831 3170 862 3205 ac
890 3154 994 3210 sincera
1008 3151 1181 3221 potabilique
1198 3158 1300 3202 natura

217 3220 362 3270 confestim
379 3221 504 3284 sublata,
523 3223 685 3292 salsuginem
702 3227 803 3276 sensim
819 3230 996 3284 contraxerat,
1016 3231 1045 3272 et
1061 3223 1209 3290 potninon
1229 3227 1298 3284 erat;

216 3291 363 3360 omniaque
389 3291 430 3343 ibi
455 3289 620 3346 horrendum
647 3294 813 3346 immodum
832 3294 959 3344 subversa
976 3291 1155 3352 videbantur,
1178 3288 1247 3341 adeo
1267 3297 1299 3341 ut

216 3357 289 3410 nihil
316 3363 358 3428 op‘
372 3361 417 3413 ido
444 3360 478 3412 ad
503 3372 689 3415 ornamentum
709 3363 809 3435 reliqui
835 3363 935 3415 factum
961 3372 1047 3426 esset,
1077 3367 1183 3430 praeter
1208 3359 1299 3412 solum

215 3427 341 3498 Asclepia
362 3447 437 3482 arum
461 3431 566 3486 illustre
592 3452 692 3486 nomen
718 3442 746 3485 et
771 3433 905 3502 insignem
936 3430 1107 3502 Hippocratis
1136 3431 1166 3484 in
1184 3446 1217 3480 eo
1238 3432 1299 3481 nati

214 3499 334 3620 gloriam.
372 3501 612 3562 commiseratione
632 3509 726 3574 itaque
743 3503 837 3556 harum
856 3502 1026 3571 rerumduci
1044 3519 1100 3553 nou
1121 3503 1244 3552 alienum
1260 3501 1297 3552 ab

235 3586 336 3623 amano·
354 3588 428 3624 more
449 3572 571 3625 videtur:
591 3575 717 3638 atlmirari¹
736 3590 799 3625 vero
818 3572 992 3624 vehementer
1011 3581 1038 3624 et
1055 3572 1184 3640 percelli,
1199 3570 1297 3622 homi-

215 3655 281 3691 num
301 3642 396 3705 fuerit,
414 3643 461 3713 qui
479 3652 600 3695 veterum
626 3662 714 3696 rerum
731 3661 824 3711 pamm
844 3652 906 3694 sunt
925 3643 1017 3712 periti,
1036 3645 1140 3713 quique
1158 3642 1299 3704 nesciunt,

122 3766 125 3769 v
213 3711 288 3780 quod
306 3712 374 3765 haec
391 3721 478 3765 terrae
496 3717 570 3782 regio
589 3733 637 3766 sua
655 3724 749 3779 natura
767 3721 900 3783 perpetuo
925 3714 1011 3765 varias
1030 3714 1059 3764 iu
1082 3729 1110 3764 se
1137 3713 1297 3764 affectiones

212 3781 348 3850 suscipere
367 3783 460 3835 soleat
486 3784 656 3854 Frequenter
673 3786 745 3843 enim
767 3787 848 3836 etiam
867 3782 980 3834 antchac
999 3784 1079 3834 urbes
1098 3784 1218 3851 integrae
1238 3792 1297 3834 ter-

212 3865 257 3900 rae
270 3860 346 3903 motu
365 3855 514 3922 perierunt,
532 3853 600 3905 adeo
618 3862 650 3905 ut
667 3855 803 3921 veteribus
822 3854 921 3906 ineolis
940 3861 1036 3906 exutae
1056 3853 1090 3905 ab
1108 3853 1169 3905 aliis
1189 3869 1298 3904 rursum

211 3919 399 3975 conditoribus
418 3927 473 3975 sint
488 3925 661 3979 instauratae.
716 3974 720 3980 ,
793 3927 795 3932 “
876 3926 878 3931 '

284 4006 321 4058 ιη.
358 3994 463 4045 Tralles
482 3995 575 4062 itaque
595 3989 675 4056 urbs,
699 3990 728 4044 in
745 3993 809 4046 Asia
833 4010 907 4045 nuuc
935 3993 974 4044 ita
1003 3992 1076 4060 dicto
1103 4009 1158 4044 eam
1181 4009 1197 4042 o
1218 3992 1297 4044 iuxta

208 4057 388 4124 Maeandrum
404 4063 517 4114 fluvium
535 4063 607 4128 sita,
628 4058 694 4122 olim
711 4063 823 4136 quidem
838 4064 1014 4134 ¹Pelasgorum
1033 4064 1140 4115 colonia
1157 4009 1223 4126 llus,
1243 4061 1296 4114 sub

210 4125 323 4198 Augusti
341 4148 413 4199 vero*
432 4133 554 4184 Caesaris
572 4142 692 4204 tempora
709 4143 887 4188 terraemotu
907 4144 1032 4206 quassata
1048 4141 1089 4186 est
1107 4143 1134 4186 et
1153 4132 1299 4194 subversa,x

211 4198 337 4272 nihilque
366 4203 398 4261 in
423 4219 454 4254 ea
480 4202 614 4272 integrum
640 4200 776 4260 relietum(
817 4204 926 4275 Oppido
952 4205 1063 4259 veroin
1088 4203 1161 4255 hune
1180 4202 1294 4254 modum
