2730 4816
437 233 717 301 ursroamuuu
738 239 788 300 u.
810 240 839 308 5,
1129 207 1181 322 73

122 387 148 454 τό
167 389 346 474 στράτευμα
371 384 426 452 oda
449 387 630 474 ἐπεπόμφει·
654 391 709 454 καί
731 389 942 481 όπετόποιζεν,
962 386 1007 466 τός.
1024 389 1081 454 eds
1097 381 1137 455 dr
1152 392 1222 467 ε’ςλ.
1234 406 1262 459 C.
1281 409 1330 464 553
1359 425 1361 428 ·

120 491 434 572 τοοοῦτονὲμέλλησεν,
456 490 487 562 εἰ
499 485 543 573 μή
563 514 592 552 τι
601 489 707 564 αὐτοῖς
726 489 901 573 ξυνηνέχθη
917 487 1018 554 δεινόν
1034 492 1089 554 καί
1097 480 1213 569 antl-
1225 480 1242 530 ¹·
1254 497 1284 548 ²7

116 591 189 664 ξουν·
206 585 287 670 πλὴν
312 584 390 649 άλλά
411 584 467 651 καὶ
488 585 613 652 ἐκείνων
636 577 709 651 άνευ
730 589 931 673 περιέσεσθαι
956 587 1017 651 τῶν
1033 588 1187 669 πολεμίων

113 683 226 769 ἡγεῖτο,
256 680 311 748 άτο
335 683 373 770 δὴ
396 687 441 774 τῷ
471 685 585 770 πλήθει
607 688 662 750 καί
678 679 722 762 dg
744 684 957 770 ὑπερβάλλων.
977 689 1010 762 ἐς
1024 697 1107 772 τρεῖς
1126 685 1185 773 γάρ
1268 695 1269 699 ’

69 780 191 872 Saritai
209 781 347 864 μάλιστα
367 781 527 868 μυριάδας
543 782 693 866 μαχίμων
715 783 840 870 άνόρων
860 782 880 868 ἦ
898 786 1061 868 λειπομένη
1088 808 1185 872 στρα-

109 882 157 947 τιά
181 882 392 959 ξυνετάττετο·
408 883 428 967 ἡ
446 884 482 946 δὲ
504 886 567 948 τῶν
580 882 751 966 Ῥωμαίων
766 881 900 965 όόνομις
918 881 1007 966 μόλις
1031 886 1066 948 όν
1092 880 1187 949 όκτω-

78 1056 86 1061 ,
107 983 232 1048 sutilem
254 981 395 1065 χιλιάσιν
419 981 591 1064 ἐτύγχανεν
609 975 699 1047 οὖσα.
745 976 746 980 “

185 1083 213 1146 ε’.
254 1078 363 1157 Λάιός
384 1103 417 1145 τε
446 1079 484 1165 δὴ
512 1071 568 1146 σόν
594 1073 658 1147 ὧδέ
681 1106 747 1159 πως
770 1073 886 1169 άριστα
910 1076 976 1168 εἶχε
994 1087 1184 1170 προθυμίας,

108 1183 158 1245 καί
175 1173 294 1244 άπαντι
307 1180 349 1268 τῷ
371 1183 494 1269 στρατῷ
510 1179 730 1268 παρεκελεύετο
749 1181 946 1266 γιγνώσκειν,
973 1183 1017 1260 ὥς
1037 1181 1055 1250 ό
1073 1181 1183 1269 παρών

20 1290 56 1336 1
76 1273 196 1363 ndyoiv
219 1277 276 1343 οόκ
296 1279 350 1342 ἐπὶ
370 1281 491 1365 σμικρῷ
508 1305 571 1344 τινι
585 1278 735 1366 χωρήσει,
756 1280 844 1361 ,ἄλλ’
860 1275 882 1366 ἢ
897 1284 1096 1365 καθέξομεν,”
1117 1280 1218 1371 ἔφηῶ

107 1376 180 1463 ,τὴν
193 1378 346 1459 Ἰταλίαν,
368 1369 405 1442 οὗ
426 1376 464 1462 δὴ
484 1376 539 1442 καὶ
553 1382 638 1444 ἕκατι
653 1378 849 1466 α’ςοικόμεθα,
869 1373 891 1464 ἢ
913 1381 1090 1463 λελειόγεται
1112 1377 1187 1466 ἡμῖν

108 1471 222 1543 άπασιν
238 1476 355 1552 ἀκλεῶς
365 1478 480 1541 ἐνθάθε
488 1474 649 1542 τεθνάναι.
669 1478 782 1542 οόκοόν
798 1474 866 1541 τόδε
882 1479 974 1563 ἡμᾶς,
995 1473 1022 1543 (ό
1031 1489 1186 1562 γενναῖοι,

108 1570 171 1642 ἀντ’
189 1578 309 1641 ἐκείνου
331 1571 463 1642 ἑλέσθαι
487 1573 653 1662 προσήκει,
685 1573 753 1653 ἐξόν
780 1568 899 1662 άνόρυις
924 1574 1064 1660 α’γαθοός
1086 1580 1122 1642 ἐν
1138 1581 1183 1666 τῷ

108 1679 227 1764 πολέμῳ
253 1679 452 1759 γιγνομένους
459 1725 468 1758 ,
499 1674 678 1744 ἀπόνασθαι
702 1667 747 1742 ὧν
778 1679 964 1763 ἐφιέμεθα”
1004 1681 1187 1751 Βουτιλῖνος

39 1777 165 1857 Ιόμὲν
182 1767 239 1840 οὖν
254 1772 402 1840 ταῦτάτε
424 1774 479 1840 καί
497 1773 536 1841 τά
554 1777 660 1840 τοιάδε
680 1777 842 1861 παραινῶν
862 1785 927 1851 τοῖς
951 1778 1104 1860 πλήθεσιν
1128 1774 1186 1839 oda

112 1873 198 1939 οἷνιέι.
216 1872 248 1938 οἷ
264 1875 300 1941 dd
320 1871 554 1961 ἒπεῤῥιόννυντο
574 1884 648 1953 ταῖς
669 1877 795 1958 ἐλπίσι,
820 1871 876 1940 καὶ
890 1873 929 1942 τά
953 1870 1050 1959 ὅπλα,
1078 1867 1122 1952 οός
1141 1901 1184 1958 πη

109 1967 223 2062 ἑκάστῳ
249 1975 359 2059 φίλον,
381 1973 656 2061 παρεσκευάζοντο.
690 1975 751 2041 ott
780 1979 840 2057 μὲν
865 1973 926 2062 γάρ
948 1979 1084 2052 πελέκεις
1108 1973 1185 2061 ε’θὴ-

108 2094 194 2154 γοντο
210 2075 318 2136 πολλοὶ
324 2123 334 2154 ,
356 2072 419 2140 stat
436 2077 471 2138 δὲ
498 2073 537 2139 τά
555 2067 709 2162 ε’πιχιόρια
731 2073 848 2163 δόρατα
858 2126 868 2157 ,
899 2076 928 2139 οἱ
947 2067 1097 2160 άγγωνες,
1118 2069 1185 2139 ἑτέ-

109 2175 188 2255 ρωθι
204 2173 239 2236 δὲ
260 2174 539 2240 restaurasset
563 2175 769 2262 όιερῖρωγυῖαι
792 2174 868 2262 πρὸς
893 2174 927 2242 τό
950 2173 1073 2263 ἐνεργόν
1092 2197 1187 2256 μετε-

41 2272 258 2352 Ὼοποωῦντο,
286 2275 340 2336 καί
358 2271 474 2360 ῥᾳδίως
494 2275 598 2352 αότοῖς
615 2269 739 2340 ἅπαντα
760 2276 1003 2362 παρεσκεύαστο.
1034 2275 1103 2359 λιτὴ
1127 2273 1218 2359 γάρο
1247 2296 1249 2298 ·

109 2371 195 2434 cedde
207 2373 263 2463 τοῦ
281 2369 395 2448 ἔθνους
417 2369 436 2458 ἡ
455 2360 596 2456 ὅπλισις,
611 2378 668 2456 καί
686 2377 737 2440 οἵα
754 2375 790 2439 οὐ
813 2378 962 2458 τεχνιτῶν
981 2378 1108 2440 δεῖσθαι
1116 2396 1186 2436 ποι-

109 2472 214 2550 uetur,
230 2461 363 2553 ἢμόνον
373 2470 427 2535 ὑπ’
437 2472 542 2538 αὐτῶν
561 2469 649 2557 οἶμαι
668 2478 731 2540 τῶν
745 2476 918 2560 χρωμένων
937 2477 1188 2556 διακοσμεῖσθαι,

172 2571 371 2638 θ-ἒκεόιςωνΒ,
388 2574 497 2636 ἐκείνου
511 2577 580 2645 vulg.
590 2585 618 2630 et
629 2580 712 2647 Intpr.
752 2573 937 2641 ιμόόκαὶὲκ.
954 2580 993 2642 R,
1010 2573 1042 2642 dr}
1060 2575 1098 2628 ἓν.
1115 2575 1186 2645 vulg.

139 2696 140 2699 ,
173 2639 279 2696 ἐνθάθε
293 2647 371 2703 teda.
388 2647 427 2710 lt,
445 2647 529 2716 Intpr.
549 2647 594 2700 tic
609 2650 765 2712 moriemur,
785 2637 817 2700 τό
831 2652 906 2700 tadu.
930 2649 998 2718 vulg.
1053 2665 1091 2716 ιγ.
1106 2649 1188 2708 ξονι-

173 2711 345 2775 σκευάζοντο
356 2716 384 2766 R.
424 2734 461 2786 ¹9·
473 2714 657 2790 διερρωγυῖαι
666 2717 894 2791 Β.,άιεῤῥαγυι”αι
901 2720 970 2788 vulg.
1021 2719 1062 2771 23.
1072 2719 1090 2768 f.
1100 2719 1187 2786 καὶμ.

702 2818 712 2839 ,
765 2825 767 2831 .

111 2850 170 2904 dum
182 2851 351 2920 iuaudierut3
374 2853 523 2906 mirabatur
539 2869 602 2906 vero
617 2855 691 2924 quod
711 2857 736 2907 ei
752 2857 841 2924 copias
866 2872 940 2917 suas,
958 2854 1000 2904 uti
1020 2855 1091 2904 inter
1114 2855 1188 2922 ipsos

107 2934 282 2996 convenerat,
310 2941 366 2975 uon
382 2926 514 2988 misisset,
546 2927 719 2995 auspicioque
736 2928 789 2994 ipsi
812 2925 960 2986 incidebat,
981 2941 1037 2974 non
1059 2932 1112 2974 tam
1139 2922 1187 2973 diu

109 2995 256 3047 tardatsuas
273 2997 366 3058 fuisse,
384 2997 439 3046 nisi
454 2998 492 3047 eis
509 2995 615 3063 aliquid
630 2997 734 3048 sinistri
751 2995 910 3066 adversique
927 2994 1083 3046 accidisset:
1111 2993 1188 3044 nibi-

108 3063 223 3118 lominus
238 3076 328 3119 tamen
350 3068 432 3118 etiam
451 3068 510 3117 sine
528 3067 584 3117 illis
603 3067 743 3118 victorium
756 3084 785 3118 se
801 3067 835 3118 ab
852 3066 978 3119 hostibus
990 3069 1189 3134 reportaturum

109 3137 250 3202 censebat3
276 3139 378 3209 quippe
406 3139 453 3207 qui
474 3137 517 3190 vel
544 3138 583 3188 sic
608 3139 744 3205 copiarum
762 3135 940 3189 multitudine
954 3141 1026 3187 essct
1056 3137 1187 3204 superior.

109 3205 162 3276 Qui
186 3211 260 3260 enim
283 3210 337 3277 ipsi
356 3209 477 3278 reliquus
500 3215 556 3259 erat
579 3209 712 3260 exereitus
732 3207 766 3260 ad
786 3209 897 3278 triginta
918 3208 1081 3260 bellatorum
1102 3207 1190 3258 millia

108 3278 265 3342 accedebat,
284 3282 462 3332 Romanorum
480 3295 543 3330 vcro
555 3281 688 3331 exercitus
702 3279 812 3331 vindam
829 3287 887 3332 erat
897 3280 1014 3330 millium
1030 3276 1189 3329 octodecim.

175 3350 199 3400 5.
239 3351 374 3420 Quocirca
391 3358 419 3402 ct
441 3352 500 3418 ipse
525 3367 605 3419 quam
627 3351 729 3419 optime
754 3353 887 3402 animatus
906 3360 963 3402 erat
985 3357 1013 3401 et
1034 3351 1193 3400 universum

108 3420 436 3483 exercitumhortabatur,
454 3437 509 3472 nou
527 3420 561 3473 de
573 3422 669 3490 exigua
684 3423 811 3491 aliquare
827 3440 858 3475 eo
873 3422 978 3491 proelio
989 3418 1190 3472 decernendum

110 3505 179 3552 esse,
204 3491 269 3551 „sed
288 3498 335 3543 aut
350 3491 470 3554 Italiam,
498 3493 605 3561 inquit,
634 3493 709 3544 cuius
733 3509 811 3544 causa
830 3495 967 3554 venimus,
994 3490 1191 3551 obtinebimus,

107 3566 152 3610 aut
167 3559 220 3612 hoe
236 3580 320 3614 unum
337 3563 444 3614 iamiam
460 3562 540 3614 uobis
555 3563 689 3632 reliquum
704 3566 771 3627 erit,
790 3570 821 3614 ut
840 3581 932 3616 omnes
952 3562 1062 3631 inglorii
1087 3561 1191 3612 moria-

108 3643 176 3681 mur,
208 3633 282 3685 Illud
296 3633 389 3702 itaque
403 3650 453 3685 nos
470 3635 581 3702 potius,
600 3636 652 3686 viri
679 3635 777 3698 fortes,
805 3652 884 3704 quam
910 3633 977 3696 hoc,
1008 3631 1078 3683 velle
1102 3629 1189 3681 debe·

109 3713 178 3766 mus3
201 3720 263 3754 eum
284 3705 315 3755 lu
334 3711 427 3756 nostra
444 3722 524 3756 manu
540 3706 576 3755 sit
594 3706 726 3772 positum,
744 3708 767 3757 si
786 3706 888 3758 strenui
906 3703 1099 3761 assentimus,
1119 3716 1190 3769 quac

110 3779 228 3838 optamus
245 3774 402 3843 consequi.''
438 3776 574 3828 Rutilinus
592 3775 766 3844 itaquehisce
786 3776 901 3846 aliisque
919 3772 1009 3827 verbis
1031 3769 1190 3822 multitudi-

109 3855 168 3891 nem
183 3843 289 3896 hortari
299 3861 356 3896 nou
373 3842 529 3899 desistebat.
566 3846 600 3896 Hi
613 3862 676 3898 vero
697 3847 768 3898 bona
783 3863 830 3915 spe
856 3846 933 3905 fulti,
951 3860 1021 3894 arma
1041 3848 1073 3893 ut
1089 3843 1189 3911 cuique

114 3912 195 3963 visum
211 3923 272 3965 erat
290 3916 465 3982 apparabant.
490 3916 576 3967 ,Alibi
596 3918 668 3967 enim
684 3934 789 3968 secures
805 3916 905 3968 multae
923 3913 1103 3974 acuebantur,
1121 3913 1198 3964 alibir

110 3984 191 4047 patria
210 3983 338 4044 hastilia,
364 4002 431 4053 quae
449 3986 502 4054 ipsi
528 4003 645 4055 angoncs
663 3996 774 4050 vocant,
794 3987 860 4038 alibi
884 3992 957 4036 scuta
980 3983 1127 4045 confracta,
1157 3991 1189 4034 ut

114 4057 168 4106 usui
187 4063 290 4116 essent,
310 4054 508 4118 reficiebantur,
529 4057 744 4126 facilequc:÷ipsis
764 4059 853 4134 ompia
867 4054 1082 4106 instruebantur.
1117 4053 1188 4104 Vilis

115 4126 180 4178 enim
199 4136 240 4181 cst
260 4133 291 4177 et
308 4125 431 4192 neglecta
449 4125 530 4177 huius
548 4129 666 4179 nationis
685 4136 815 4180 armatura
839 4143 961 4196 quaeque
983 4123 1188 4198 variis'opifici«

112 4187 155 4247 but
173 4217 229 4255 uon
248 4195 391 4265 indigeat,
410 4197 458 4253 sed
478 4197 557 4252 facile
579 4198 612 4253 ab
632 4200 706 4270 ipsis,
725 4201 823 4270 quiea
841 4204 964 4261 utuntur,
990 4199 1014 4248 si
1033 4193 1100 4264 quid
1119 4194 1189 4249 sorte
