2730 4816
398 232 678 345 arsromaaim
709 283 747 344 11.
772 287 799 352 ι.
1020 309 1024 314 -
1086 255 1141 344 65

89 447 129 509 σοι
150 433 197 518 τῆς
211 426 378 515 ’Λιλριύύος
394 431 565 518 θαλάττης,
582 427 657 501 ὅθεν
686 433 703 500 ὅ
728 431 836 512 Ἰύνιος
857 428 993 523 ἄρχεται
1022 434 1219 517 nolanusc,
1239 463 1289 515 553

88 518 140 592 ὅσοι
154 534 209 611 μὲν
229 523 285 595 οέν
302 529 406 594 αὐτῶν
424 529 562 617 Φρύγγοι
577 535 733 617 ἰθαγενεῖς
753 534 923 618 ἐτύγχανον
937 529 1037 620 ὄντες,
1059 529 1169 602 siaul·
1189 536 1208 587 1·
1228 549 1260 603 α7

88 625 336 714 ἐέφειὸοἴπυλλῇ
350 619 450 716 ύμφύ
465 628 504 694 τὰ
528 628 596 717 ἱερύ
621 631 676 697 καί
692 627 837 722 εύλαβείρ
853 637 1006 721 ἐχρῶντο,
1035 630 1090 701 cira
1107 633 1145 720 δη
1180 636 1185 642 ’
1231 663 1232 666 ’
1272 618 1280 644 x

87 723 115 789 ού
130 727 203 814 ὀρθύ
222 727 277 801 καί
290 726 322 792 ολ
338 731 395 793 τοῦ
409 726 581 815 κρείττονος
596 735 668 818 πέρι
687 731 806 815 νόμιμα
821 735 1019 819 προσιέμενοι
1027 786 1038 817 ,
1057 726 1153 822 -ᾗπέρ

1 843 3 850 ’
73 819 204 914 ὅμοιεηλλη
226 826 366 915 ἐρ’ρήθη,
390 827 445 892 καί
459 830 659 915 παραπλήσια
680 839 745 907 τοῖς
763 827 936 913 Ῥωμαίοις
949 832 1177 919 ἱεραυργοῦν-Β

1 980 2 1003 2
86 947 130 1002 τες.
146 927 178 993 τὸ
194 930 230 992 δὲ
251 926 467 1010 Ἀλαμανικὸν
480 923 575 1009 ἅπαν,
598 931 702 1016 (ἐτερα
717 929 778 1017 γύρ
800 931 928 1007 ἐκείνοις
951 933 984 1008 ἐς
995 933 1083 996 τούτο
1097 933 1150 995 δο-

1 1055 3 1114 s
87 1031 143 1117 κελ)
167 1024 280 1115 ἐδῄουν
297 1024 368 1104 τούς
386 1025 463 1104 νεοές
479 1029 636 1114 α’φειύῶς,
663 1029 718 1094 καί
735 1028 930 1115 ύπηγλύϊζον.
959 1028 1074 1107 πολλὰς
1091 1034 1150 1114 μὲν

85 1124 270 1212 γύρκύλπεις
289 1122 395 1212 ἱερύς,
415 1123 513 1191 πολλοὶ
533 1128 568 1190 δὲ
585 1123 831 1216 περιρραντήρια
850 1131 1026 1217 πάγχρυσον,
1047 1127 1151 1212 συχνοὶ

85 1225 112 1289 dd
129 1226 263 1291 κύπελλα
278 1225 333 1290 καί
351 1228 451 1308 κανᾶ,
473 1225 528 1291 καί
544 1222 603 1292 ὅσα
617 1237 685 1304 ταῖς
701 1237 868 1310 μυστικαῖς
883 1229 1053 1312 ἁγιστείαις
1067 1223 1153 1294 aivei-

55 1341 139 1408 maat,
159 1329 259 1391 ταῦτα
273 1326 308 1388 δὲ
328 1325 576 1411 α’φαιρούμενοι,
597 1322 718 1392 ἅπαντα
737 1330 835 1392 οἰκεῖοι
855 1327 994 1411 κτήματα
1009 1330 1153 1394 ἐποιοῦν-

81 1444 117 1490 το.
135 1433 198 1502 τοῖς
213 1427 251 1488 di
264 1419 337 1488 οὗύέ
352 1422 426 1488 adde
444 1425 586 1512 α’πέχρη,
616 1421 696 1490 aaut
710 1424 766 1503 τύς
787 1451 822 1489 τε
843 1426 961 1512 ὄροφύς
979 1430 1041 1491 τῶν
1062 1426 1154 1512 ἱεριύν

80 1521 251 1611 ἀνακτόρων
266 1526 471 1608 κατέβαλλον,
492 1524 547 1589 καί
558 1523 615 1601 τὰς
635 1528 786 1611 κρηπῖδας
805 1526 978 1591 οἷνεκίνυυν·
996 1524 1104 1612 λύθρῳ
1121 1547 1155 1588 τε
1201 1543 1203 1548 ’

78 1625 111 1691 ού
128 1628 242 1709 τεμένη
262 1623 467 1711 περιερρεῖτο,
498 1627 553 1688 καί
572 1622 610 1690 τύ
630 1622 702 1710 λη’ϊα
719 1627 897 1707 ἐμιαίνετο,
926 1623 1084 1706 πολλαχοῦ
1102 1645 1156 1685 νε-

79 1728 156 1812 κρῶν
170 1720 306 1810 α’τύφων
324 1723 605 1810 περιερριμμένιον.
627 1725 697 1789 ἀλλ’
718 1725 774 1789 ούκ
792 1727 825 1801 ἐς
839 1721 965 1810 μακρὰν
984 1719 1097 1798 αύτούς
1115 1717 1155 1786 τύ

21 1825 200 1894 astream
212 1826 365 1907 μετῆλθεν
376 1823 546 1907 μηνίματα.
567 1820 595 1887 οἱ
613 1827 674 1905 μὲν
692 1822 753 1910 γύρ
771 1827 907 1912 πολέμῳ,
933 1820 969 1886 τὸ
993 1823 1028 1886 δέ
1044 1846 1075 1884 τι
1095 1814 1191 1885 ari-'l
1203 1827 1235 1886 ²7

79 1923 136 1987 τῶν
152 1921 233 2011 νύσιρ
258 1923 433 2008 ὁίεφθύρη,
460 1920 637 1999 καί-ούύείς
652 1917 736 1998 ὅστις
758 1921 901 1987 α’πύνατο
925 1923 979 2006 τῆς
1003 1923 1182 2007 προτέραςῦ

78 2021 208 2099 ἐλπίδος·
245 2021 354 2084 ύύικία
376 2017 436 2106 γύρ
469 2022 524 2084 καί
543 2023 623 2085 θεοῦ
646 2022 864 2108 οἷθεραπευσία
888 2019 1006 2108 φευκτὰ
1023 2023 1084 2102 μὲν
1108 2015 1162 2083 cisi

78 2118 130 2184 καί
141 2119 333 2207 α’σύμφορα,
353 2119 493 2202 μάλιστα
516 2122 552 2185 δὲ
573 2122 609 2185 ἐν
628 2121 671 2210 τῷ
692 2127 916 2207 προσπολεμεῖν
930 2121 986 2184 καί
1000 2116 1160 2204 παρατάτ-

78 2224 197 2285 τεσθαι
228 2219 359 2304 πατρίδι
375 2220 435 2300 μὲν
455 2217 514 2305 γὰρ
532 2220 698 2305 ἐπαρήγειν
715 2219 769 2284 καί
792 2219 898 2301 νόμοις
918 2217 1081 2303 πατρίοις,
1108 2213 1164 2279 καί

4 2328 140 2396 :toreio
164 2319 267 2384 ταῦτα
285 2320 524 2400 λυμαινομένοις
541 2313 654 2402 ἥκιστα
673 2321 817 2405 ἐφιέναι,
847 2315 926 2382 atad
946 2319 1039 2382 παντί
1054 2318 1162 2380 σθένει

83 2413 271 2501 ἀμύνεσθαι,
293 2413 376 2483 ὅσιόν
391 2444 423 2483 τι
437 2411 476 2482 dr
491 2416 539 2502 εἴη
556 2420 610 2482 καί
624 2417 711 2499 μύλα
727 2424 877 2501 γενναῖον.
897 2411 966 2481 ὅσοι
979 2417 1015 2480 δὲ
1030 2413 1161 2501 κε’ρύους

83 2521 166 2584 ἕκατι
185 2520 240 2593 καί
257 2519 440 2600 δυσμενείας
455 2516 568 2600 ύλύγου
576 2569 586 2599 ,
607 2520 708 2603 μηδὲν
724 2520 879 2602 ἐπίκλημα
895 2514 1016 2580 ἐνύικον
1031 2513 1162 2595 ἔχοντες,
1247 2596 1248 2601 ¹

85 2617 188 2684 ἔπειτα
208 2620 363 2706 φοιτῶσιν
380 2615 441 2682 ἀνὰ
455 2614 513 2702 την
528 2614 673 2700 ἐθνείαν,
702 2614 775 2693 τούς
792 2618 892 2700 μηδὲν
910 2611 1097 2698 ἠδικηκότας
1113 2634 1164 2673 σι-

151 2755 247 2824 έκαὶ
267 2755 296 2806 οἳ
313 2757 360 2818 a,
388 2755 459 2826 vulg.
481 2754 530 2806 aui
544 2750 570 2806 d.
659 2754 806 2826 padusia
824 2750 885 2805 eat
983 2768 1022 2805 ιι.
1040 2744 1106 2802 adde
1124 2741 1205 2808 R.‚‘

150 2828 240 2878 ταῦτα
256 2825 326 2896 vulg.
1076 2857 1078 2862 f

1276 1429 1281 1454 ί

88 2954 178 2996 torum
192 2945 291 2998 Franci
304 2954 381 3000 erant
393 2945 548 3016 indigenae,
565 2946 678 2998 multam
696 2945 874 2997 reverentiam
893 2939 1079 3011 pietatemque
1098 2927 1167 2986 circa

88 3015 186 3082 templa
196 3017 368 3080 exercebant,
386 3026 482 3086 utpote
494 3027 594 3069 rectam
607 3017 640 3068 de
655 3018 713 3070 Deo
725 3017 886 3067 sententiam
897 3012 1030 3081 amplexi,
1047 3008 1167 3077 utsupra

90 3082 159 3147 (liri,
179 3085 328 3154 eademque
344 3102 403 3138 eum
422 3090 547 3138 Romanis
562 3087 781 3138 sacrawcolentes.
816 3083 991 3136 Alemannica
1017 3094 1079 3129 vero
1102 3084 1167 3144 gens

90 3157 212 3207 universa
229 3157 321 3214 {aliter
335 3160 407 3209 enim
426 3157 456 3209 bi
477 3160 546 3210 circa
562 3159 720 3226 religionem
740 3165 804 3208 sunt
825 3153 925 3224 affecti)
945 3150 1047 3218 templa
1066 3149 1169 3198 irreve-

90 3234 178 3277 tenter
198 3227 383 3294 diripiebant,
407 3231 517 3298 suisque
547 3229 711 3280 ornamentis
736 3226 904 3296 spoliabant,
934 3223 1031 3286 multas
1057 3215 1169 3289 quidem

91 3297 189 3348 amulas
213 3310 315 3360 sacras,
330 3296 391 3350 'si've
406 3315 468 3350 vasa
488 3295 610 3351 lustralia
627 3307 655 3350 et
670 3298 811 3367 aspergillo
828 3313 861 3348 ex
876 3312 945 3364 puro
968 3309 1048 3354 auro,
1072 3304 1169 3371 quarra-

90 3367 219 3435 plurimos
235 3369 317 3420 etiam
333 3370 428 3420 calices
449 3379 476 3422 et
495 3388 612 3432 acerras,
630 3377 658 3421 et
676 3384 852 3438 quaecunque
870 3366 990 3433 mysticis
1009 3371 1171 3414 ceremonns

91 3437 249 3507 peragendis
266 3448 342 3491 erant
356 3446 526 3504 consecrata,
544 3442 707 3510 spoliantes,
730 3440 848 3508 propriis
871 3441 925 3489 suis
952 3429 1171 3504 possessionibus

92 3507 287 3562 adscribebant
328 3510 381 3562 Sed
394 3527 428 3562 ne
444 3510 487 3562 his
502 3511 613 3581 quidem
626 3510 706 3562 rebus
721 3511 858 3570 contenti,
879 3512 950 3560 tecta
962 3506 1021 3574 ipsa
1037 3513 1173 3554 sacrorum

92 3581 254 3648 templorum
273 3579 436 3644 diruebant,
465 3590 494 3633 et
519 3583 693 3634 fundamenta
726 3579 934 3642 subvertebant3
966 3584 1115 3640 cruoreque
1144 3571 1172 3616 et

92 3651 163 3702 sanie
175 3649 290 3702 delubra
304 3650 535 3715 circumfluebant,
552 3668 613 3702 arva
627 3652 709 3703 etiam
719 3660 877 3722 segetesque
892 3643 1094 3720 polluebantur,
1111 3652 1174 3687 cum

94 3731 138 3783 per
156 3718 320 3790 easlpassini
345 3721 473 3773 cadavera
494 3724 631 3791 insepulta
652 3739 741 3790 sparsa
763 3723 908 3772 iacerent*
934 3715 989 3767 Sed
1009 3729 1065 3764 non
1084 3707 1172 3790 multo

95 3795 153 3853 post
180 3791 274 3844 divina
296 3791 417 3845 vindicta
431 3802 472 3844 est
488 3794 638 3845 subsecuta.
656 3791 712 3844 Alii
729 3793 801 3843 enim
812 3791 903 3855 bello,
923 3787 972 3838 alii
984 3781 1078 3864 morbp
1096 3794 1172 3862 pera-

96 3865 185 3920 erunt,
216 3875 306 3926 neque
333 3865 476 3934 quisquam
504 3881 596 3915 eorum
621 3864 707 3931 priori
736 3880 783 3930 spe
808 3862 912 3930 potitus
933 3863 980 3907 est.
1034 3854 1173 3902 Inlustltffl

97 3930 165 3980 enim
179 3937 208 3981 et
233 3929 287 3979 Dei
307 3943 457 3985 contemtus
482 3932 611 4004 fugienda
624 3933 734 4002 quidem
746 3948 852 4000 semper
866 3937 894 3979 et
908 3922 990 3978 noxia
1003 3930 1074 3984 sunt,
1092 3936 1172 4000 prae-

98 3999 171 4066 cipue
192 4016 258 4051 vero
281 4001 313 4050 in
329 4005 440 4066 proellis
455 4015 484 4054 et
497 4003 676 4056 conflictibus.
713 4004 826 4053 Patriam
842 4001 915 4050 enim
930 3997 1071 4066 patriaque
1090 3992 1170 4038 instr-

98 4071 150 4120 tuta
159 4083 342 4140 propugnare,
360 4083 444 4136 eaque
456 4073 628 4136 pessumdare
643 4072 819 4120 molientibus
831 4069 972 4126 obsistere,
991 4060 1171 4137 omnibusque

100 4151 139 4192 eos
155 4142 261 4193 viribus
276 4136 450 4208 propulsare,
473 4156 587 4208 aequum
606 4156 669 4190 sane
685 4140 769 4190 luserit
782 4137 912 4204 valdeque
935 4146 1104 4203 generosum:
1115 4141 1169 4210 ,σοι

101 4220 155 4264 tero
170 4213 350 4271 lucricausa,
369 4214 397 4259 et
414 4207 579 4273 hostilitate,
601 4224 668 4278 quae
685 4209 760 4260 nulla
773 4211 842 4258 iusta
861 4223 936 4255 causa
955 4205 1072 4261 nitatur,
1088 4198 1175 4248 auena

156 4305 303 4374 Agathias.
474 4373 475 4377 Ἰ
952 4300 967 4348 5
