2842 4800
173 235 248 290 rna
481 290 485 298 ,
577 192 800 297 -aormrm

24 397 54 449 t
68 396 96 450 (t
108 381 233 468 554τοον
251 383 313 451 stus·
339 376 494 473 Ἀρσάκου
514 384 574 449 τού
589 372 750 470 προτέρου
776 384 808 460 ές
820 375 1016 468 Ἀρτάβανον
1028 378 1083 446 τὸν
1107 376 1243 461 ἔσχατον

42 466 71 529 ¹⁴·
86 470 107 520 ¹·
123 471 159 524 ²⁸
166 483 320 566 βασιλέα,
346 484 437 570 ἡνίκα
459 481 501 549 τά
517 483 690 564 ‘Puteolos
712 479 878 567 πράγματα
903 477 966 545 ύπὸ
984 473 1183 564 Ἀλεξάνδρῳ
1200 479 1245 563 τῷ
1257 489 1269 495 ’

94 588 95 591 ’
145 626 158 662 ,-,
169 582 328 663 Μαμαίας
344 584 436 648 παιδί
452 576 630 663 ἐτετάχατο,
651 582 720 647 κατ’
732 574 829 645 έκεῖνο
845 577 886 663 δι’]
899 580 956 642 τού
973 580 1087 664 καιροῦ
1096 574 1132 640 τά
1155 579 1246 640 Xou-

138 680 247 765 θρύου
265 684 322 744 τού
339 685 415 745 καθ’
427 676 515 766 ἡμᾶς.
527 677 705 760 βασιλεύειν
723 669 838 763 ἤρξατο
855 679 959 760 γένος,
989 670 1009 760 ἦ
1026 698 1061 738 τε
1077 676 1173 759 μέχρι
1191 671 1256 738 καίΙ

170 780 228 844 νύν
241 778 327 864 παρά
347 781 492 864 Πέρσαις
513 779 686 859 κατέχουσα
709 775 850 840 πολιτεία
868 778 902 841 ἐν
924 777 968 862 τῷ
985 774 1054 838 τότε
1075 769 1179 859 ἀρχὴν
1201 767 1294 835 εἶ’-ἵ

168 881 250 961 ληφι
266 878 321 940 καί
338 871 403 942 οἷον
423 872 609 940 κατάποσιν
630 873 765 959 πρώτην.
789 865 984 960 Ἀρταξάρης
998 872 1057 957 γάρ
1072 895 1119 946 τις
1137 864 1249 934 τούνο-

168 992 227 1056 μα,
244 977 374 1060 Πέρσης
388 971 477 1060 ἀνὴρ,
497 965 605 1050 ἄδοξος
616 973 676 1053 μὲν
691 969 732 1035 τά
747 973 857 1058 πρῶτα
874 969 929 1035 καί
942 965 1172 1056 άφανέστατος,
1183 961 1249 1031 ’άλ-

169 1074 280 1173 λωςιδὲ
295 1068 504 1156 μεγαλουργάς
515 1069 571 1135 καί
589 1067 793 1155 δραστήριος,
814 1066 869 1134 καί
882 1065 983 1143 δεινάς
995 1070 1118 1151 κινῆσαι
1133 1063 1175 1131 τά
1191 1088 1260 1128 κα-·

170 1173 330 1249 amara,
358 1169 539 1251 ξυνωμότας
553 1168 680 1254 άγείρας
693 1165 748 1232 καί
759 1170 963 1248 ἐπιθέμενος,
980 1161 1178 1251 Ἀρτάβανον
1190 1166 1251 1244 μὲν

172 1268 300 1352 άναιρεῖ
309 1265 364 1332 τὸν
380 1268 530 1350 βασιλέα,
549 1264 653 1354 ἑαυτῷ
670 1268 706 1331 δὲ
722 1268 863 1352 περιθείς
882 1262 940 1349 τήν
955 1261 1094 1349 κίδαριν,
1115 1259 1172 1325 sat
1190 1258 1267 1352 τηνι
1304 1267 1418 1312 A

172 1363 343 1451 Παρθικὴν
358 1363 492 1449 δύναμιν
507 1364 696 1446 καταλύσας,
717 1359 815 1439 αύθις
829 1370 894 1439 τοῖς
904 1363 1050 1448 Πέρσαις
1066 1357 1123 1445 τὴν
1135 1360 1254 1446 σφετέ-

147 1500 152 1508 ·
172 1488 233 1549 ραν
250 1463 440 1530 άνενευύσατο
456 1466 637 1548 βασιλείαν(
660 1456 699 1548 ἦν
718 1465 753 1528 δέ
774 1486 810 1546 γε
827 1452 916 1539 οὗτος
931 1464 970 1548 τῇ
984 1463 1100 1548 μαγικῇ
1119 1458 1254 1540 κάτοχος

97 1577 168 1647 ¹1>.05
176 1559 335 1652 ἱερουργίᾳ
359 1561 415 1628 καί
434 1561 603 1650 αὐτουργὸς
623 1564 688 1628 τῶν
709 1557 904 1650 άπορῖῥητων.
944 1559 1048 1625 ταύτά
1067 1580 1118 1624 τοι
1138 1558 1194 1622 καί
1215 1553 1252 1620 τύ

174 1656 309 1742 μαγικὸν
331 1663 432 1746 φύλον
450 1665 595 1748 ἐγκρατὲς
617 1665 652 1742 ἐξ
673 1659 789 1726 ἐκείνου
813 1662 918 1744 γέγονε
943 1659 999 1723 καί
1019 1651 1180 1743 ἀγέρωχον
1186 1706 1197 1736 ,
1219 1646 1254 1716 tv

175 1760 235 1839 μὲν
251 1749 313 1842 ἤδη
336 1756 578 1846 καὶπρότερον,
606 1758 664 1825 καί
680 1759 716 1823 ἐκ
737 1761 875 1823 παλαιοῦ
899 1748 1070 1842 τήνδετὴν
1092 1752 1268 1837 έπικλησινι
1298 1732 1411 1809 5

177 1854 349 1936 οἷποσῶζον,
369 1846 458 1921 ούποι
478 1859 513 1921 δὲ
527 1859 560 1934 ἐς
578 1859 669 1923 τούτο
684 1860 775 1942 τιμῆς
792 1879 827 1920 τε
846 1853 901 1920 καί
916 1852 1095 1941 παρρησίας
1106 1852 1256 1938 ἠρμένον,

177 1952 249 2017 ἀλλ’
267 1947 373 2018 ὃποῖον
391 1952 454 2019 siud
467 1957 531 2021 τῶν
549 1957 584 2020 έν
597 1958 680 2021 τέλει
694 1953 780 2021 ἐστίν
796 1946 820 2042 ᾖ
841 1956 897 2018 καί
916 1955 1132 2039 περιορᾶσθαι.
1160 1953 1256 2034 δῆλον

178 2051 226 2115 δέ·
252 2050 289 2115 ού
304 2048 364 2139 γάρ
389 2045 428 2118 άν
449 2051 480 2122 οἱ
502 2053 589 2141 άμφί
604 2058 738 2140 Δαρεῖον
753 2053 898 2140 Πέρσαι,
919 2053 1070 2137 Σμέρδιος
1087 2049 1187 2127 πύλαι
1201 2048 1257 2112 τοῦ

179 2146 280 2231 μάγου
292 2148 374 2231 μετά
394 2151 574 2239 Καμβύσην
589 2152 644 2218 τάν
657 2153 771 2240 Κύρου
790 2152 845 2237 την
863 2149 1025 2235 βασιλείαν
1037 2145 1258 2230 ύποσυλήσαν-

180 2246 419 2336 τος,-ιῐτηιιςροράν
431 2253 592 2318 ἐποιοῦντο
604 2249 638 2318 τὸ
649 2253 856 2337 γεγενημένον,
864 2247 919 2314 καί
926 2243 1023 2314 αύτύν
1039 2272 1074 2312 τε
1088 2244 1144 2337 τάν
1154 2238 1410 2332 Σμέρ-οῶν

183 2472 185 2476 v
247 2418 276 2470 ,9
295 2400 493 2473 ξυνθμότατῐὶ.
551 2407 589 2459 16.
608 2403 735 2476 η’γμένον
757 2405 787 2457 tt.
878 2421 917 2474 ¹9·
939 2401 992 2454 τού
1007 2397 1106 2470 Κύρου
1123 2399 1152 2448 li.

142 2588 146 2593 Ι
183 2519 242 2583 bri,
261 2521 376 2589 imperio
393 2523 504 2575 fuerunt
522 2525 611 2590 exuti;
637 2526 686 2596 qui
707 2523 835 2592 deinceps
857 2538 889 2574 eo
911 2522 1051 2582 universo,
1075 2517 1197 2587 Aegypto
1211 2531 1259 2566 ex-

183 2596 280 2656 ceptas
307 2599 370 2643 sunt
392 2593 490 2661 potiti,
516 2593 642 2646 Arsacide
669 2594 780 2665 quidem
806 2588 923 2662 primum
950 2589 1112 2643 defectionis
1139 2595 1261 2647 auctore,

184 2657 252 2710 adeo
266 2665 298 2710 ut
311 2661 472 2726 Arsacidae,
498 2666 546 2734 qui
560 2682 621 2716 eum
637 2665 747 2734 sequuti
762 2670 842 2726 sunt,
860 2656 928 2713 dicti
942 2660 1051 2711 fuerint.
1086 2654 1261 2721 Mithridates

182 2744 247 2780 vero
268 2747 324 2781 non
343 2733 429 2784 multo
447 2742 511 2804 post
533 2734 568 2796 ad
586 2751 716 2786 summam
737 2732 872 2806 quandam
891 2733 1006 2802 gloriam
1028 2725 1186 2781 Parthorum
1209 2743 1261 2777 uo-

183 2813 247 2850 men
264 2802 362 2857 evexit.

185 2883 189 2888 ·
213 2887 215 2895 ’
254 2871 295 2923 ο6.
330 2869 415 2923 Annis
432 2879 523 2924 autem
541 2871 617 2925 Lxx.
634 2890 714 2942 supra
735 2871 866 2924 ducentos
889 2869 923 2922 ab
944 2868 1040 2920 Arsace
1053 2866 1140 2935 primo
1159 2864 1195 2916 ad
1209 2862 1261 2914 Ar-

184 2937 315 2991 tabanum
332 2941 465 2992 'ultimum
487 2959 576 3012 regem
602 2938 688 3014 usque
715 2943 831 3011 elapsis,
860 2957 920 2992 cum
942 2941 1119 2991 Romanorum
1141 2951 1184 2986 res
1210 2934 1261 2989 sub

185 3007 338 3062 Alexandro
356 3010 493 3064 Mamaeae
511 3013 568 3064 filio
590 3022 680 3066 essent
696 3014 875 3073 constitutae,
900 3011 950 3061 sub
966 3008 994 3060 id
1009 3016 1114 3074 tempus
1134 3002 1263 3063 Cbosrois

185 3082 329 3197 grogenies
346 3080 418 3149 apud
435 3100 484 3134 nos
505 3092 615 3152 regnare
630 3084 735 3150 coepit,
753 3084 945 3151 Persarumque
960 3076 1129 3148 gubernatio,
1148 3075 1281 3142 quaein.

208 3156 261 3198 unc
274 3165 361 3220 usque
377 3149 449 3201 diem
462 3151 561 3215 durat,
579 3160 636 3203 tum
649 3154 780 3221 temporis
802 3151 912 3204 initium
924 3149 1030 3200 babuit.
1057 3143 1199 3216 Siquidem
1212 3144 1263 3194 dr-

93 3226 95 3229 ’
188 3222 293 3269 taxares
314 3218 424 3299 quidam
438 3222 561 3283 nomine,
578 3223 619 3274 vir
633 3225 731 3284 Persa,
755 3223 886 3291 inglorius
907 3219 1017 3288 quidem
1033 3218 1149 3287 primum
1167 3222 1195 3264 et
1212 3212 1264 3285 ob·

100 3354 102 3359 y
188 3300 294 3348 scurus,
323 3286 473 3340 industrius
504 3299 595 3343 tamen
617 3293 774 3363 magnisque
797 3291 877 3342 rebus
896 3287 1019 3359 gerendis
1038 3301 1101 3355 par,
1129 3292 1264 3352 aptusque

189 3351 309 3425 adquae
331 3354 402 3408 bene
418 3361 564 3412 constituta
584 3370 649 3415 sunt
670 3360 851 3422 movendum,
880 3360 1081 3410 coniuratorum
1100 3370 1181 3404 manu
1206 3353 1265 3410 eol-

188 3423 274 3487 lecias
298 3423 461 3480 Artabanum
477 3445 565 3498 regem
581 3429 691 3482 adortus
713 3431 872 3491 obtruncat,
896 3436 925 3480 et
943 3427 1025 3478 cidari
1039 3425 1122 3494 capiti
1141 3438 1191 3473 suo
1211 3423 1264 3490 im-

188 3497 294 3563 P⁰⁸ii²r
317 3494 493 3567 Parthicaque
509 3501 633 3566 potentia
650 3500 791 3561 subversa,
809 3499 894 3550 Persis
915 3497 1004 3549 denuo
1018 3497 1162 3563 pristinum
1176 3492 1264 3561 impe-

194 3563 265 3616 rium
295 3569 472 3634 recuperavit.
522 3569 585 3619 Erat
607 3578 699 3621 autem
723 3571 746 3621 is
769 3569 884 3637 magicae
907 3566 1067 3634 disciplinae
1090 3563 1213 3615 addictus
1236 3569 1267 3621 vet

122 3666 123 3670 =
190 3635 296 3686 arcanis
312 3638 393 3687 saeris
418 3636 594 3704 operatorum
616 3639 688 3690 unde
707 3647 735 3690 et
753 3640 855 3707 magica
869 3653 932 3706 gens
953 3652 986 3687 ex
1004 3651 1036 3686 eo
1054 3642 1175 3701 tempore
1194 3633 1264 3683 vali-

193 3701 254 3760 dior
272 3708 492 3777 arrogantiorque
508 3708 647 3773 astructa,
672 3725 740 3777 quae
759 3708 869 3778 quidem
886 3707 969 3757 etism
988 3711 1068 3756 antea
1087 3710 1158 3763 crat,
1184 3709 1213 3752 et
1230 3701 1265 3752 ab

191 3774 305 3842 antiquo
324 3774 406 3840 bane
422 3776 632 3845 appellationem
655 3779 772 3840 retinet,
798 3777 919 3829 nondum
939 3783 1031 3827 tamen
1057 3790 1089 3824 eo
1106 3771 1218 3822 honoris
1237 3778 1266 3821 et

191 3841 320 3897 licentiae
338 3854 395 3898 emt
409 3855 517 3912 evecta,
537 3847 586 3899 sed
604 3847 696 3918 aliqua
713 3850 796 3901 etiam
812 3863 845 3899 ex
882 3852 939 3897 arte
951 3860 970 3897 ‘e
985 3840 1185 3914 magistratibus
1200 3857 1264 3890 eou-

191 3914 380 3977 temnebatur‚
404 3916 477 3987 quod
489 3916 600 3989 quidem
611 3928 704 3986 aperte
721 3920 816 3988 liquet.
841 3937 845 3949 ·
878 3932 948 3985 eque
967 3916 1039 3967 enim
1057 3913 1107 3983 qui
1122 3910 1192 3961 cirea
1208 3911 1264 3960 Da-

192 3981 263 4039 rium
275 3993 351 4036 erant
367 3987 476 4051 Persae,
499 4004 560 4039 cum
573 3988 639 4039 olim
657 3987 775 4041 Smerdis
794 3987 905 4057 quidam
926 4001 1017 4054 magus
1034 3990 1095 4052 post
1109 3979 1265 4046 Cambysem
1299 4012 1302 4018 -

192 4053 257 4119 Cyri
283 4055 369 4106 filium
391 4072 502 4124 regnum
525 4058 697 4126 arripuisset,
726 4059 827 4110 bonum
851 4057 951 4109 factum
967 4054 1038 4107 iliud
1058 4053 1210 4110 duxerunt,
1239 4052 1266 4099 et

122 4138 125 4160 ¹
193 4124 332 4179 Surcrdem
351 4125 561 4192 obtruncarunt,
580 4126 734 4200 multosque
752 4128 818 4182 aiios
837 4127 957 4182 eiusdem
971 4142 1030 4179 cum
1050 4141 1081 4178 eo
1100 4121 1219 4176 instituti
1236 4134 1266 4173 ae
1283 4117 1306 4186 J
