2738 4816
400 246 683 365 HtstoltltRUM
714 252 739 312 ι.
768 257 799 319 2.
1079 251 1127 335 ¹7

85 404 185 491 τηιγάρ
205 407 337 489 πάτριον
359 401 592 487 ἀποβεβληκυῖα
611 400 788 485 πολιτείαν,
814 408 880 480 τοῖς
900 404 963 468 οὖν
977 401 1162 490 sparocio-A,
1175 430 1272 492 &552

82 531 130 569 των
139 505 241 591 χρῆται
258 501 409 585 νομίμοις.
440 502 584 588 φαίνεται
604 500 712 566 δὲκαὶ
731 505 789 574 νῦν
806 495 844 566 οὗ
859 500 948 583 μάλα
963 505 1019 590 τῆς
1040 501 1130 579 οἴξίας
1148 500 1168 550 Ῑ·
1189 505 1209 557 L
1232 512 1267 563 26
1298 538 1301 542 ·

83 605 269 668 τάνπαλαιῶν
282 599 453 685 οἰκητόρων
470 603 702 687 καταδεεστέρα.
723 600 787 666 εἰσί
803 599 862 688 γάρ
881 599 912 666 οἱ
934 599 1075 689 Φράγγοι
1093 602 1130 666 οὗ
1141 634 1167 693 p·
1183 634 1217 693 13

83 699 201 782 νομάδες,
219 695 321 785 ὥσπερ
344 700 454 782 α’μὲλει
471 697 549 764 ἔνιοι
569 701 835 786 τῶνβαρβάρων,
870 697 949 765 itti
972 704 1028 766 καί
1045 709 1131 767 πολι·

68 801 139 887 ὅτείηι
153 798 188 875 ὥς
202 798 237 862 τά
255 795 355 863 πολλοὶ
371 801 512 885 χρῶνται
528 794 698 886 Ῥωμαϊκῇ,
726 802 782 865 καί
800 797 908 882 νόμοις
929 810 996 877 τοῖς
1015 795 1133 882 αὖτοῑς,

85 896 131 959 καί
143 897 172 961 τά
184 891 254 962 itta
268 895 382 979 ὁμοίως
396 893 485 983 άμῳί
492 921 525 960 τε
546 896 586 962 τά
603 894 780 979 συμβόλαια
796 900 852 964 καί
865 898 995 982 γ’άμους,
1010 899 1065 963 καί
1078 898 1136 984 την

84 998 135 1080 τοῦ
145 999 216 1060 θείου
232 996 409 1082 θεραπείαν
423 994 609 1077 νομίζουσιν.
628 997 824 1083 ,Χριστιανοὶ
834 996 894 1084 γάρ
912 992 1047 1074 άπαντες
1060 1022 1136 1080 τυγ-

84 1093 203 1172 χάνουσιν
215 1088 303 1171 όντες
320 1097 374 1160 καί
390 1098 430 1182 τῇ
448 1095 606 1183 όρθοτάτῃ
620 1093 779 1182 χρεόμενοι
796 1095 880 1185 άόξη·
902 1095 1011 1181 ἔχουσι
1029 1100 1065 1162 δὲ
1082 1096 1139 1162 καί

7 1184 10 1293 l
88 1182 210 1274 άρχονιος
223 1197 256 1258 ἐν
267 1203 338 1269 ταῖς
356 1194 465 1259 πόλεσι
478 1193 533 1258 καί
545 1191 648 1280 ἱερεῖς,
670 1197 725 1259 καί
737 1193 793 1272 τάς
807 1190 917 1283 ἑορτάς
930 1195 1046 1278 ὁμοίως
1059 1193 1137 1280 ἡμῖν

7 1295 14 1364 l
57 1287 240 1374 ιοέπιτελοῖισι,
262 1290 327 1374 καί,
351 1291 395 1369 ὥς
418 1294 452 1358 ἐν
469 1292 620 1380 βαρβάρῳ
634 1295 727 1376 γένει,
745 1291 851 1378 ἔμοιγε
869 1297 996 1360 δοκοῦσι
1012 1295 1138 1381 σφόδρα
1209 1295 1212 1299 ’
1288 1377 1291 1384 Δ

7 1381 8 1415 ³
87 1378 150 1450 alios
166 1385 283 1472 κόσμιοί
297 1415 332 1454 τε
355 1389 411 1455 καί
433 1385 628 1455 άστειότατοι
645 1393 701 1455 καί
720 1387 813 1456 ου’άίν
835 1418 868 1456 τι
886 1391 970 1476 ἔχειν
989 1390 1025 1457 τὸ
1049 1395 1139 1457 διαλ-

7 1508 9 1538 ῑ
88 1485 190 1571 linos,
219 1484 354 1576 ἢμόνον
374 1488 410 1555 τό
427 1487 623 1577 βαρβαρικόν
650 1492 703 1577 τῆς
720 1494 833 1575 στολῆς
852 1491 909 1555 καί
928 1488 1044 1575 τότῆς
1069 1516 1139 1578 φω-

89 1583 131 1662 iit
144 1585 259 1667 ἰδιάζον.
280 1581 402 1673 άγαμαι
419 1589 478 1675 γὰρ
499 1586 618 1665 αὕτοάς
636 1591 669 1664 ἐς
685 1587 725 1652 τά
740 1588 881 1669 μάλιστα
899 1586 993 1673 ἔγωγε
1017 1591 1079 1654 τῶν
1101 1612 1137 1653 τε

90 1667 166 1747 ἄλλων
180 1677 222 1750 ὦν
243 1685 374 1770 ἔχουσιν
402 1683 533 1772 ripaticis
563 1691 618 1752 καί
634 1689 698 1771 τῆς
710 1690 744 1764 ἐς
762 1684 917 1771 ἀλλήλους
942 1687 1140 1773 δικαιοσύνης

58 1779 338 1866 πότεκαίηὸμονοιας..
360 1785 506 1863 πολλάκις
524 1784 583 1872 γάρ
600 1779 661 1871 ἤδη
680 1788 735 1851 καί
747 1786 915 1872 πρότερον,
944 1784 999 1850 καί
1019 1790 1079 1869 μὲν
1100 1783 1165 1874 όηΒ

7 1889 8 1895 ’
89 1873 132 1939 καί
144 1873 256 1968 νάματ’
279 1886 335 1965 ἐμὲ
350 1883 470 1973 χρόνῳ,
489 1883 590 1968 τυχόν
607 1889 668 1968 μὲν
687 1887 721 1962 ἒς
742 1893 844 1970 τρεῖς,
865 1883 965 1968 τυχόν
986 1888 1022 1951 δὲ
1041 1883 1096 1949 καί
1109 1887 1143 1962 ἐς
1203 1884 1204 1887 ’

7 1984 9 1999 '
87 1977 186 2057 πλείους
203 1983 356 2069 ἡγεμόνας
373 1988 428 2069 τῆς
449 1985 553 2070 ἀρχῆς
577 1984 687 2061 adroic
705 1988 951 2070 μεμερισμένης,
982 1979 1142 2050 ου’ποόποτε

88 2068 191 2156 πόλεμον
209 2075 325 2168 ἤραντο
352 2089 420 2147 κατ’
436 2082 596 2168 ἀλλήλων,
625 2084 699 2148 οὐδὲ
713 2083 825 2164 αἵματι
842 2083 986 2172 ἐμφυλίῳ
1005 2080 1062 2168 την
1081 2109 1144 2149 πα-

88 2171 158 2254 fello
169 2177 305 2264 ἔγνωσαν
318 2187 462 2265 μιαίνειν.
480 2186 583 2247 καίτοι
598 2180 675 2247 ἔνθα
692 2177 732 2247 άν
746 2182 882 2265 μεγάλαι
894 2181 1144 2270 άυνάμειςίσόρ-

57 2266 163 2352 soiouo‘
175 2305 206 2343 τε
220 2279 276 2345 καί
291 2282 487 2369 άμφηριοτοι
505 2276 711 2368 άναφανεῖεν,
739 2284 877 2348 ἐνταῦθα
893 2279 1009 2365 ἀνάγκη
1027 2285 1144 2367 φρονη-

88 2393 154 2446 pora
168 2379 305 2466 φύεσθαι
319 2379 439 2468 σκληρά
460 2380 515 2447 καί
532 2380 664 2466 όμκοάάη,
683 2383 858 2468 φιλοτιμίαι
872 2404 915 2462 τε,
927 2377 1031 2466 οἵσπερ
1051 2381 1143 2460 εἰκὸς,

89 2459 224 2544 distortos
235 2482 290 2543 καί
304 2486 540 2567 φιλοπρωιεῖαι,
561 2479 618 2545 καί
633 2474 714 2570 oilla
729 2471 809 2545 άττα
828 2480 929 2566 μυρία
946 2482 1094 2565 ταραχῶν
1110 2503 1143 2543 τε

124 2614 158 2654 ο.
169 2601 303 2669 νομίμοις
317 2601 355 2660 tt,
376 2597 477 2687 μόμοις
492 2601 564 2668 vulg.
643 2602 666 2652 3.
675 2597 894 2690 καταδεέστερον
902 2601 934 2719 ill
1006 2598 1031 2719 q.
1046 2599 1144 2668 ἀμέλει

136 2671 402 2808 lligfbafzil'
418 2671 673 2809 ‘tibitibi
696 2689 749 2792 sal
758 2687 848 2809 lili}
866 2669 951 2810 lig?
967 2672 1145 2789 'wilt

137 2807 225 2867 irum.
245 2810 278 2862 fr.
376 2829 412 2880 ιη.
434 2812 483 2878 ἥγε
508 2809 575 2867 όνας
592 2810 652 2862 add.
675 2827 708 2862 ex
734 2813 766 2866 R.
792 2810 824 2860 sr.
858 2812 981 2879 ctIntpr.
996 2810 1147 2879 principes.

138 2895 176 2931 ao.
187 2877 300 2950 άνάγκη
317 2880 379 2939 add.
389 2900 423 2934 ex
436 2883 470 2933 iis
492 2899 542 2933 em.
612 2899 652 2934 αι.
664 2881 793 2951 φύεσθαι
804 2882 832 2930 R.
848 2879 944 2947 Lugd,
963 2880 1067 2947 φύεται
1084 2878 1145 2930 edd.

139 2963 165 2999 tt
183 2968 230 3004 om.
249 2954 280 3003 R.
352 2970 393 3006 au.
411 2953 688 3022 calumpniatoris„
706 2948 900 3021 φιλοπρωτίαι
916 2949 986 3018 vulg.
1003 2957 1031 2999 et
1048 2949 1077 3005 R.
1124 2987 1127 3012 ,

81 3046 126 3087 aon
149 3037 292 3092 admodum
313 3041 431 3108 pristina
454 3041 605 3091 incolarum
638 3038 772 3107 dignitate
800 3037 922 3088 inferior.
977 3037 1047 3089 Stant
1074 3038 1147 3088 enim

77 3101 160 3162 Franci
178 3129 233 3162 non
252 3119 431 3180 campestres,
458 3121 491 3164 ut
508 3110 565 3162 fere
585 3110 712 3178 plerique
737 3105 931 3170 barbarorum,
961 3106 1009 3159 sed
1027 3115 1055 3158 et
1071 3109 1147 3175 poli-

23 3244 27 3252 «
76 3177 114 3241 lia,
130 3189 160 3231 ut
177 3181 335 3248 plurimum,
354 3189 466 3236 utuntur
484 3178 603 3234 Rbmana
623 3188 651 3233 et
667 3179 772 3248 legibus
789 3177 904 3243 iisdem;
931 3177 1045 3230 eandem
1065 3180 1149 3229 etiam

74 3258 249 3303 contractuum
276 3259 304 3302 et
323 3255 479 3321 nuptiarum
506 3252 640 3304 rationem
666 3258 694 3302 et
721 3249 808 3301 divini
832 3247 952 3300 numinis
973 3249 1078 3300 euitum
1104 3257 1148 3300 te-

72 3330 137 3373 uent.
179 3323 331 3377 Christiani
350 3323 423 3374 enim
443 3340 536 3376 omnes
555 3328 636 3384 sunt,
660 3320 865 3390 rectissimeque
884 3317 919 3370 de
937 3320 997 3371 Deo
1017 3320 1147 3370 sentiunt.

70 3385 172 3443 Habent
192 3402 222 3444 et
238 3394 409 3461 magistratus
429 3393 460 3443 in
477 3393 591 3446 urbibus
611 3401 639 3445 et
657 3391 826 3457 sacerdotes3
844 3391 913 3442 festa
932 3392 1015 3441 etiam
1033 3389 1149 3457 perinde

69 3469 143 3532 atque
167 3481 218 3514 nos
242 3463 397 3524 celebrant,
427 3470 456 3515 et
478 3481 528 3532 pro
552 3461 667 3515 barbara
691 3462 803 3513 natione
816 3461 904 3513 ualde
928 3460 997 3513 mibi
1022 3459 1150 3510 videntur

69 3532 154 3584 civiles
174 3542 204 3586 et
224 3533 340 3599 urbani3
358 3533 505 3604 nihiloque
521 3553 536 3585 a
554 3533 633 3586 uobis
653 3532 777 3594 differre,
797 3548 879 3603 quam
898 3530 1066 3582 solummodo
1083 3528 1147 3578 bur-

69 3597 153 3656 barioo
168 3606 273 3655 vestitu
292 3612 320 3654 et
336 3606 445 3672 linguae
457 3606 631 3674 proprietate.
648 3604 704 3672 Ego
724 3611 796 3655 certe
810 3619 862 3661 „eos
882 3619 942 3652 cum
961 3601 996 3652 ob
1014 3601 1068 3650 alia
1084 3600 1148 3666 qui·
1214 3603 1217 3609 '

69 3669 114 3724 bus
130 3675 253 3744 praediti
275 3683 338 3726 sunt
358 3674 446 3740 bona,
471 3684 529 3728 tum
549 3690 613 3726 vero
632 3673 667 3724 ob
686 3684 806 3726 mutuam
824 3675 897 3725 iuter
921 3687 949 3722 se
967 3670 1101 3724 iustitiam
1121 3677 1150 3720 et

70 3745 239 3811 concordiam
259 3762 428 3813 summopere
446 3747 536 3797 miror.
555 3747 726 3814 Frequenter
744 3744 818 3796 enim
835 3744 890 3793 iam
908 3748 936 3791 et
955 3742 1022 3791 olim
1041 3748 1070 3791 et
1089 3754 1149 3790 mea

37 3816 40 3823 '
72 3822 154 3866 aetate
173 3815 255 3871 modo
275 3808 346 3867 iulet
364 3824 430 3877 tres,
447 3817 528 3869 modo
544 3818 617 3868 iuter
634 3815 725 3883 plures
742 3814 828 3864 diviso
847 3811 1058 3883 ipsisimperio,
1076 3827 1150 3860 uun-

73 3898 145 3950 quam
164 3883 293 3937 adversus
319 3902 377 3937 sese
401 3895 496 3940 mutuo
519 3885 624 3938 bellum
647 3887 787 3946 movisse,
806 3899 901 3950 ¹neque
926 3880 1001 3930 civili
1019 3881 1150 3949 sangnine

74 3957 182 4018 patriam
200 3957 358 4024 inquinasse
376 3965 490 4010 constat.
522 3957 611 4026 ¹Atqui
625 3954 656 4005 fit
671 3955 742 4016 iere,
761 3962 792 4005 nt
813 3952 861 4002 ubi
879 3951 970 4017 magui
988 3958 1053 4004 sunt
1070 3968 1149 4003 caer·

76 4023 137 4075 citus
157 4027 281 4095 aequalis
309 4035 356 4077 aut
373 4026 572 4080 dubiae'inter
596 4042 624 4077 se
639 4027 799 4093 potentiae,
825 4022 866 4073 ibi
886 4020 973 4074 etiam,
986 4021 1071 4072 animi
1091 4022 1151 4072 ela-

76 4092 150 4145 tiores
168 4096 373 4166 inflatioresque
392 4097 523 4162 eradant,
539 4105 585 4154 ¹et
596 4096 758 4149 ambitiosae
771 4092 968 4144 aemulationes
989 4098 1019 4142 et
1038 4089 1072 4141 ‹le
1093 4089 1150 4159 pri-

79 4173 115 4213 mo
131 4163 241 4218 honoris
259 4166 344 4234 gradu
361 4169 549 4233 contentiones
571 4167 676 4239 aliique
691 4163 837 4226 ,innumeri
855 4164 969 4219 affectus
986 4159 1150 4215 tumultibus

141 4249 285 4318 Agrasius.
948 4266 964 4302 a
