2738 4816
187 237 282 303 xxrv
388 232 584 302 sracnmu
612 233 822 303 masrours
850 235 1071 306 russeum.

186 400 285 447 nature
301 394 515 458 contentiosior,
531 409 612 464 saepe
629 393 713 448 etiam
733 410 782 465 pro
798 395 879 468 reglis
893 397 1045 468 porticibus
1061 394 1128 468 ipsis
1149 397 1268 466 astabat,

185 480 347 552 pierumque
358 482 388 534 in
402 480 576 535 librariorum
589 479 710 534 tabernis
720 483 858 536 venalitiis
868 483 1015 550 arridebat,
1033 492 1061 538 et
1075 484 1111 538 ad
1123 484 1268 540 hominum

185 573 286 617 turmas
303 583 331 619 se
344 566 440 620 eodem
454 569 623 640 cogentium,
640 570 722 621 verba
742 570 884 640 magnifica
906 571 1021 640 perinde
1039 571 1217 625 mirabundus
1236 571 1269 626 'et

184 654 310 724 stupidus
324 652 476 717 factitabat,
496 663 625 707 consucta
639 656 772 726 quaedam
787 657 821 709 de
835 657 896 722 deo,
914 656 1002 728 longis
1013 656 1157 710 verborum
1168 658 1271 729 amba-

184 739 273 811 gibus
290 740 348 804 his,
367 743 459 811 quise
478 742 707 795 circumsisterent
724 745 942 819 postulantibus,
968 745 1058 815 qualis
1077 762 1139 797 nam
1161 730 1268 799 scilicet

183 836 256 879 esset
272 828 314 880 illi
329 837 437 893 natura,
455 846 599 900 quaenam
614 830 775 894 substantia,
794 837 887 884 utrum
904 833 1054 896 afficiatur,
1073 840 1165 885 utrum
1183 848 1266 885 curae

183 915 220 968 sit
235 930 350 984 expers,
369 924 397 969 et
418 916 472 967 alia
485 917 618 995 quaedam
637 918 781 973 eiusmodi.
800 921 849 990 qui
866 937 929 974 uero
948 921 1001 972 ista
1020 919 1209 988 profitebatur,
1227 934 1265 971 ne

183 1003 384 1071 grammaticum
403 995 514 1073 quidem
537 1003 636 1057 adiisse
655 993 777 1076 unquam
802 1000 979 1069 crediderim,
1008 1021 1060 1056 nec
1080 1004 1165 1058 vitam
1190 1005 1265 1056 forte

182 1088 326 1141 rectiorem
353 1089 448 1158 egisse.
502 1089 618 1152 Proinde
639 1098 739 1158 putent
765 1089 796 1143 bi
822 1091 903 1144 facile
926 1090 1032 1162 aliquid
1050 1107 1107 1143 esse
1130 1098 1158 1142 et
1178 1090 1264 1162 plane

180 1175 428 1247 promptissimum,
448 1183 495 1229 aut
507 1178 607 1247 cuique
621 1176 758 1245 peruium,
777 1177 853 1248 qnod
865 1179 946 1248 vulgo
961 1179 1060 1240 fertur,
1077 1174 1175 1245 pedem
1195 1193 1264 1245 por-

181 1260 253 1329 rige,
278 1267 306 1314 et
329 1261 507 1330 Theologiam
520 1264 643 1334 attinge:
669 1281 754 1335 quum
770 1262 841 1316 hanc
865 1271 971 1317 constet
991 1279 1124 1316 ramesse
1150 1270 1178 1314 et
1196 1279 1266 1331 pro·

179 1345 282 1410 batam,
301 1353 328 1400 et
343 1347 579 1417 inexplicabilem,
602 1349 723 1419 etlange
736 1350 914 1417 superiorem,
934 1368 1016 1424 quam
1032 1356 1063 1401 ut
1079 1367 1137 1401 eam
1152 1349 1273 1419 assequi

181 1434 309 1503 cogitatio
333 1443 416 1505 queat
433 1436 634 1504 imperitorum,
654 1436 701 1506 qui
721 1435 870 1505 ignorando
890 1434 962 1488 hanc
979 1436 1156 1489 demirentur.
1192 1435 1267 1489 Sunt

179 1535 314 1590 namque,
339 1521 387 1594 qui
415 1523 520 1592 vesperi
539 1539 573 1574 en
595 1523 654 1589 ipra
674 1525 766 1574 statim
792 1523 925 1577 ebrietate
949 1531 977 1575 et
1003 1522 1114 1590 crapula
1133 1521 1268 1592 impediti
1345 1556 1351 1571 r

180 1607 348 1676 quammulta
363 1603 549 1670 deblateient,
567 1607 657 1679 deque
672 1609 907 1662 excellentissimis
920 1608 1001 1662 rebus
1021 1609 1085 1672 iliis,
1105 1607 1264 1680 divinisque

179 1693 387 1764 quaestionibus
408 1711 545 1747 sermones
565 1693 723 1749 indecenter
745 1697 921 1766 incoeptent,
947 1705 975 1749 et
1000 1697 1031 1748 in
1054 1693 1195 1748 eiusmodi
1206 1712 1264 1746 nu-

178 1777 268 1852 gando
283 1779 417 1844 delirent,
436 1789 465 1833 et
480 1779 554 1833 haud
567 1797 643 1832 secus
659 1796 691 1834 ac
705 1784 755 1854 qui
766 1784 854 1838 aleam
869 1781 989 1845 ludunt,
1015 1782 1144 1835 rixantur.
1179 1781 1263 1834 Hisce

179 1867 210 1920 iu
242 1866 324 1922 rebus
355 1868 540 1938 principatum
572 1875 668 1924 nactus
707 1870 837 1935 Uraniae,
862 1867 985 1939 ‘perinde
1020 1868 1180 1931 Homericus
1210 1867 1263 1920 ille

178 1951 319 2007 Thersites
347 1954 416 2006 aiios
447 1952 596 2024 arguebat,
624 1954 824 2027 extrahereque
855 1957 885 2008 in
908 1955 1019 2023 longum
1045 1969 1183 2008 sermones
1207 1953 1264 2003 mi·-

177 2041 253 2094 nime
282 2037 449 2105 desistebat,
473 2041 526 2093 etsi
554 2041 621 2093 alias
646 2040 681 2095 de
705 2042 774 2096 deo
773 2039 856 2095 haud
876 2040 940 2094 satis
956 2047 1029 2093 recte
1048 2041 1177 2092 sentiret:
1208 2055 1263 2092 neo

177 2143 243 2180 sanc
272 2125 500 2215 disceptationem
534 2128 657 2194 sinebat,
683 2129 786 2182 iamdiu
826 2136 996 2198 occoeptam,
1037 2125 1133 2179 ordine
1162 2126 1263 2179 saltem

177 2230 227 2267 rue
249 2187 413 2285 procedere3
441 2214 489 2268 sed
508 2216 643 2286 apertiora
665 2217 758 2287 potius
785 2215 986 2279 confundebat,
1014 2222 1042 2267 et
1061 2215 1201 2286 quaesitae
1219 2214 1260 2266 rei

176 2301 354 2370 propulsabat
379 2303 575 2355 inventionem.
609 2302 730 2356 Volebat
750 2302 796 2355 hio
819 2302 934 2355 forsitan
958 2301 1079 2354 Platonis
1096 2300 1258 2368 Pythonem,

177 2386 345 2460 Sextumque
363 2387 484 2460 denique
502 2390 630 2459 imitaris
647 2399 676 2441 et
694 2406 788 2440 eornm
804 2405 878 2441 more
895 2389 1086 2459 responsiones
1103 2396 1135 2440 ut
1152 2389 1260 2451 fierent,

176 2481 209 2526 ut
228 2475 290 2526 finis
310 2482 381 2527 esset
400 2476 441 2528 nil
460 2475 611 2541 obturbari,
632 2476 697 2546 quia
716 2475 746 2528 id
765 2476 854 2527 animo
873 2482 1077 2545 praesumptum
1099 2476 1155 2528 iam
1178 2481 1267 2551 esset,-

175 2560 249 2613 nihii
273 2577 331 2614 esse
355 2563 466 2630 penitus
490 2565 678 2628 constitutum.
715 2561 770 2616 Sed
787 2562 925 2614 Platonica
943 2563 995 2614 ista
1016 2561 1090 2614 haud
1116 2562 1183 2614 satis
1207 2560 1260 2612 ille

160 2647 318 2719 didicerat,
337 2650 366 2700 ni
384 2649 454 2703 sorte
474 2649 600 2702 alicunde
617 2657 731 2701 venatur
746 2663 879 2718 perpauca
895 2649 1059 2718 collegisset,
1079 2648 1178 2720 quibus
1195 2653 1260 2717 pos·'

118 2760 122 2764 ’
174 2741 217 2788 set
241 2735 392 2788 ineruditos
416 2736 470 2789 iam
496 2736 598 2789 fallere.
634 2737 669 2788 Et
693 2733 921 2807 quemadmodum
945 2737 1096 2789 literarum
1111 2743 1169 2788 crat
1185 2736 1208 2787 is
1226 2751 1257 2786 re

173 2821 299 2892 ignarus,
325 2823 366 2875 ita
390 2831 418 2875 et
441 2823 576 2876 honorum
602 2838 706 2874 morum
726 2823 848 2877 omnium
868 2841 971 2892 expers.
996 2822 1153 2876 Istiusmodi
1172 2827 1259 2894 quum'

173 2918 246 2962 esset
264 2911 391 2972 Uranius,
407 2911 442 2963 ad
455 2912 545 2963 Persas
564 2927 594 2962 sc
611 2911 737 2974 contulit,
756 2927 806 2980 per
822 2910 1010 2965 Areobindum
1029 2912 1145 2974 Persam,
1165 2918 1194 2962 ct
1211 2926 1256 2962 re-

171 2997 213 3066 gis
230 3002 296 3048 tunc
314 3007 463 3062 oratorem,
490 3005 521 3050 ut
538 2997 686 3051 cothurnus
705 3006 733 3051 et
751 2999 853 3052 nebulo
872 2998 983 3062 ductus,
1008 3001 1137 3053 nimirum
1156 2998 1256 3067 quiea

171 3082 226 3135 sibi
245 3092 403 3136 ornamenta
422 3084 521 3137 stolide
541 3085 723 3150 vendicasset,
742 3087 842 3158 quibus
856 3088 970 3139 omnino
988 3095 1106 3146 careret,
1124 3083 1255 3152 pellium-

118 3188 138 3193 ‚⁷
172 3169 227 3240 que
246 3171 371 3237 protinus
394 3170 501 3254 induit,
530 3171 605 3242 qarod
622 3171 831 3240 disciplinarum
852 3174 973 3243 magistri
993 3179 1096 3240 gestare
1115 3167 1187 3237 apud
1204 3186 1255 3233 uos

170 3257 268 3310 solent.
306 3257 349 3309 Sic
373 3260 467 3330 itaque
492 3257 601 3326 obstipa
623 3260 795 3330 superbaque
816 3260 887 3312 facie
907 3257 1053 3312 Ghosroem
1077 3255 1169 3308 adivit.
1193 3263 1254 3308 tum

170 3345 221 3396 ille
238 3345 381 3414 inopinato
404 3346 536 3398 miraculo
561 3345 700 3414 percitus,
719 3353 747 3397 et
764 3363 871 3398 sacrum
888 3342 996 3415 aliquid
1011 3359 1069 3394 esse
1080 3341 1254 3410 imaginatus,

170 3434 380 3517 suspicatusque
397 3449 492 3485 verum
509 3431 583 3485 hune
597 3448 655 3489 esse
672 3430 881 3502 philosophum,
901 3429 976 3501 (nam
998 3414 1081 3482 etita
1098 3427 1171 3497 apud
1188 3429 1254 3481 Per

170 3535 212 3569 sas
230 3498 421 3590 vocitabatur),
443 3518 562 3572 eundem
586 3518 661 3572 bunc
679 3525 706 3570 ct
723 3517 813 3570 libens
831 3517 914 3580 vidit,
937 3533 967 3568 ac
984 3515 1103 3586 benigne
1122 3515 1250 3584 suscepit.

169 3603 263 3675 Magos
282 3604 384 3657 deinde
405 3603 486 3657 adse
504 3611 679 3666 conuocatos,
706 3621 767 3655 cum
790 3620 859 3656 noso
882 3601 1051 3672 philosopho
1067 3610 1099 3654 ut
1116 3618 1253 3654 sermones

117 3750 121 3756 ὗ
167 3693 338 3755 conferrent,
367 3693 525 3760 constituit;
551 3691 640 3763 deque
661 3706 753 3741 rerum
779 3699 841 3742 ortu
865 3699 1018 3760 naturaque
1038 3697 1070 3741 ut
1089 3688 1253 3755 disceptatio

83 3822 85 3825 .
166 3777 324 3842 haberetur,
342 3779 475 3845 iniunxit3
501 3786 530 3830 et
548 3786 640 3830 utrum
658 3777 688 3829 id
706 3793 799 3842 omne,
819 3777 894 3849 quod
910 3777 1023 3839 visitur,
1046 3776 1129 3841 finem
1147 3777 1183 3827 sit
1198 3773 1251 3826 ha-

168 3866 309 3934 biturum,
328 3881 520 3920 sumreunum
539 3881 598 3919 esse
613 3848 735 3918 omnium
752 3880 842 3916 serum
859 3863 1025 3936 principium
1041 3860 1254 3934 putandumrit

600 4008 827 4030 m
