2730 4816
148 325 150 331 .
218 233 284 345 ,96
555 340 557 344 ⁴
634 292 641 300 κ·
662 221 871 337 anamim

68 425 151 498 tc.
166 412 345 499 ὅοηλάλητα
374 413 431 499 τῆς
458 408 872 496 ολκοδομιλιςάαιδάλματα,
894 409 937 488 ὥς
953 414 1052 500 μηδὲν
1068 411 1172 480 ὁτιοῦν
1191 413 1308 499 σχεδόν

35 523 37 529 ’
113 497 211 560 ωε
225 536 287 589 ποο
300 505 485 600 λειφθῆναι,
506 504 623 597 dadau
637 514 693 596 τῆς
711 514 903 596 κατασκευῆς
918 509 958 576 τά
975 513 1105 600 ἐδάφη(
1130 509 1231 588 πολάς
1248 519 1308 596 μὲν

7 611 8 615 ’
192 689 196 698 ¹
225 604 282 675 οὖν
305 607 412 692 ὅμιλος
434 613 587 694 ἰθαγενοῖν
611 634 646 676 τε
670 610 725 677 κατ’
746 610 903 675 ένδαπίων
933 610 1057 695 ἀνδρῶν
1085 610 1307 694 ἀπολοάλασιν,

225 707 486 790 δποπεπιεσμένοι
501 712 545 796 aqi
564 700 679 792 άχθει,
706 706 818 772 πολλοὶ
843 710 878 773 δὲ
894 708 959 772 νέοι
981 701 1133 793 έπηλοδες
1155 703 1309 796 εὐπατρί-

225 809 280 873 δαι
294 831 327 871 τε
342 809 397 872 καί
414 808 561 891 παιδείας
572 801 688 894 άριστα
711 805 850 890 ἔχοντες,
881 805 913 871 οδ
930 803 968 891 δη’
984 795 1130 895 παρῆσαν
1144 808 1219 885 τοάς
1230 807 1327 876 ‘Po-5

220 903 326 987 μαίων
343 905 444 971 advari
461 903 682 988 ἀναλεξάμενοι
697 904 826 988 νόμους.
867 909 960 970 τοῦτο
973 902 1034 992 γάρ
1049 905 1180 993 πάτριον
1195 910 1235 996 τῇ
1250 906 1310 972 πό-

223 1012 272 1071 λει
291 1003 346 1069 καί
359 1000 463 1092 ὥσπερ
479 1009 573 1094 γέρας
589 1030 620 1069 τι
638 1008 786 1090 μέγιστον
802 1005 841 1069 τά
857 1002 964 1069 τοιάδε
978 1005 1056 1093 αὐτῇ
1077 1005 1199 1070 ἀνεῖται
1215 1009 1310 1070 διδα-

223 1111 362 1168 σκαλεῖα.
402 1102 667 1187 μετεσκεοάσαντο
683 1106 848 1196 τοιγαροῦν
875 1104 909 1167 έν
923 1105 968 1190 τῷ
984 1100 1054 1168 τότε
1077 1100 1107 1167 οἱ
1124 1106 1186 1168 τῶν
1203 1103 1312 1186 νόμων,

224 1201 386 1288 ὑφηγηταέ
400 1205 433 1278 ἐς
448 1194 571 1270 Σιδῶνα
587 1200 644 1288 την
668 1200 757 1268 πάλιν
771 1199 828 1288 την
843 1199 983 1291 γείτονα,
1004 1199 1060 1265 καί
1075 1203 1109 1266 έν
1123 1204 1195 1289 τῇδε
1211 1204 1310 1287 μετῆ·

225 1323 279 1364 κτο
302 1298 342 1365 τά
364 1301 603 1389 φροντιστήρια,
625 1303 692 1378 ἕως7
705 1297 799 1366 πάλιν
817 1300 837 1385 ἡ
855 1295 998 1386 Βηρντὸς
1020 1299 1210 1385 ἀνεδομήθη.
1255 1303 1365 1370 καίι

149 1409 175 1461 Ρ.
184 1402 345 1483 ὀλγέγονεν
362 1396 475 1485 ἥκιστα
492 1405 552 1484 μὲν
569 1399 662 1468 ὁποία
678 1394 831 1490 πρότερον
846 1391 897 1484 η’ν,
914 1394 993 1483 πλὴν
1008 1397 1076 1463 ἀλλ’
1094 1397 1167 1480 ον’χί
1185 1401 1218 1476 ές
1236 1393 1310 1466 ὅσον

224 1497 280 1563 καί
293 1497 477 1582 ἀγνοεῖσθαι
493 1500 536 1577 ὡς
551 1501 651 1587 ε’κείνη
668 1499 715 1586 εἴη
735 1499 756 1586 ἤ
777 1491 885 1562 πάλαι.
926 1490 995 1560 ἀλλ’
1021 1487 1114 1572 οὗτος
1133 1499 1194 1579 μὲν
1211 1494 1236 1565 ,δ
1253 1503 1309 1585 τῆς

193 1646 197 1687 3
220 1593 341 1673 πόλεως
360 1596 540 1682 ἀνοικισμδς
556 1599 612 1665 καί
626 1601 646 1686 η“
660 1603 721 1666 τῶν
738 1598 965 1668 διδασκαλείων
978 1592 1129 1671 ἐπάνοδος
1146 1593 1256 1686 χρόνῳ
1272 1594 1311 1663 δ’.

202 1688 204 1691 ’
221 1719 330 1781 οτερον
349 1687 472 1779 ἔμελλεν
491 1696 634 1774 ἔσεσθαι,
647 1698 715 1763 τότε
726 1701 826 1763 δὲκαὶ
839 1699 874 1762 ἐν
889 1698 926 1784 τῇ
938 1691 1056 1783 μεγάλη
1075 1695 1308 1787 Ἀλεξανδρείη,

218 1797 260 1880 ,τῇ
274 1789 352 1880 πρὸς
366 1797 408 1882 τῷ
419 1798 522 1883 Νείλιρ
540 1794 692 1884 ἱδρυμένη
702 1798 839 1883 ποταμῷ,
862 1797 917 1858 καί
932 1797 1033 1861 ταῦτα
1051 1793 1108 1856 οὐκ
1121 1790 1321 1869 uiuificasti

218 1897 316 1957 ,εσθαι
328 1889 362 1956 sd
383 1897 519 1981 χωρίον,
541 1892 746 1978 σοναίσθησιξ
760 1919 808 1970 τις
823 1896 884 1958 τοῦ
901 1889 1011 1958 κλόνον
1028 1892 1177 1978 ἐλαχίστη
1186 1895 1312 1974 μὲνκαί

221 1990 424 2078 ἀφαυροτάτη
441 1997 496 2058 καί
507 1994 543 2057 οὖ
561 1994 693 2076 πάμπαν
714 1990 871 2078 ἀρίδηλος,
891 1995 996 2078 γέγονε
1013 1995 1047 2058 δὲ
1062 1987 1155 2074 ὅμως.
1173 1988 1311 2068 ἅπαντες

222 2088 260 2175 δη
284 2084 342 2155 οάν
370 2087 400 2155 οἱ
424 2090 589 2179 ἐπιχώριοι
610 2095 665 2158 καί
682 2089 820 2174 μάλιστα
839 2092 868 2157 οὶ
895 2089 1018 2180 σφόδρα
1035 2090 1254 2179 γεγηρακότες,
1275 2092 1310 2157 ἐν

219 2185 366 2270 θαύματι
381 2181 513 2280 μεγάλη,
525 2188 559 2256 τά
579 2196 762 2275 ξονενεχθὲν
780 2193 943 2258 ἐποιοῦντο
952 2243 963 2275 ,
985 2192 1027 2267 ὥς
1046 2183 1133 2256 udan
1157 2187 1310 2279 πρότερον

216 2290 438 2374 γεγενημένον,
460 2287 567 2371 έμενέν
585 2313 619 2354 τε
639 2288 718 2355 οἴκοι
737 2289 823 2366 ὅστις
837 2291 958 2372 οὐδείς,
978 2290 1049 2355 ἀλλ’
1074 2283 1134 2353 άνά
1151 2285 1206 2367 τάς
1228 2295 1337 2362 iso-2

199 2383 342 2472 Βφόροος
360 2384 399 2451 τά
413 2387 524 2476 Ιπληίλη
544 2389 703 2476 ξονέῤῥει,
726 2392 769 2476 τῷ
786 2387 1006 2479 ἀπροσδοκήτῳ
1026 2388 1065 2473 δή
1087 2413 1149 2454 που
1173 2386 1228 2452 καί
1249 2416 1309 2457 πα-

219 2484 341 2574 ραδόξῳ
361 2487 442 2573 πέρα
478 2492 535 2552 τοῦ
560 2490 689 2574 μετρίου
722 2488 1017 2572 καταπεπληγμένοι.
1048 2489 1119 2570 ε’μοί
1142 2489 1177 2551 δέ
1203 2492 1311 2571 γεκαὶ

189 2608 217 2665 ,J
289 2615 314 2650 a.
332 2597 774 2668 λειφθῆναιλλ.,λελεῖφθαιτοίς.
811 2596 1173 2663 3.ένδαπὶωνΒ.,ένδαπαλν
1185 2598 1255 2668 vulg.
1283 2599 1307 2666 λ.

288 2667 536 2740 δποπεπιεσμένοι
551 2672 578 2719 R.
590 2667 662 2740 (CL),
683 2668 895 2740 δποπιεσμίνοι
909 2669 979 2737 vulg.
1017 2689 1040 2738 7.
1050 2667 1234 2736 διδασκαλείη
1248 2667 1308 2720 edd.

287 2757 312 2808 9.
332 2737 476 2807 ἀφηγηταὶ
487 2742 515 2791 R.
536 2739 609 2811 (CL),
625 2739 842 2810 dipquraivulg.
909 2731 1035 2809 μέθῆκτο
1045 2741 1072 2790 R.
1106 2756 1145 2790 ru.
1157 2741 1205 2790 καὶ
1215 2756 1269 2791 om.
1279 2742 1307 2791 R.

292 2813 330 2862 13.
342 2807 531 2861 διδασκαλίαν
546 2813 574 2861 R.
590 2818 619 2861 e't
633 2811 703 2880 vulg.
779 2812 817 2862 16.
837 2816 881 2865 τις
898 2811 927 2859 R.
946 2817 974 2860 et
991 2810 1074 2876 Intpr.
1096 2809 1169 2879 qais,
1188 2823 1219 2860 τε
1237 2811 1307 2880 vulg.

289 2897 331 2933 aa.
339 2881 413 2951 πέρα
422 2879 482 2932 add.
492 2882 520 2932 a.
529 2875 670 2950 Lugdsmg.
686 2877 757 2952 (ct).
776 2881 858 2947 Intpr.
869 2880 985 2932 incisum
1000 2882 1134 2951 integrum
1144 2881 1248 2933 omisit.

219 2999 283 3062 suit,
296 3007 323 3052 et
332 2999 502 3070 illaiusignia
514 3017 544 3052 ac
557 2999 733 3054 celeberrima
742 3015 900 3070 summoque
910 2999 1022 3055 artifieio
1037 2998 1178 3051 elaborata
1186 2998 1309 3052 aedificia

219 3080 393 3133 enituerunt,
413 3071 481 3122 adeo
494 3079 525 3123 ut
535 3072 642 3123 nullum
654 3070 850 3140 propemodum
865 3068 1097 3134 sucurrendum,
1116 3080 1309 3140 praeterquam

155 3196 159 3206 .
220 3139 295 3190 nuda
306 3140 412 3191 aedium
427 3141 584 3210 pavimenta.
622 3142 719 3210 Magna
730 3142 825 3212 itaque
838 3139 1026 3210 indigenarum
1039 3142 1140 3211 pariter
1155 3148 1183 3192 et
1200 3143 1309 3193 incola-

219 3226 279 3260 rum
294 3209 440 3262 multitudo
459 3213 540 3281 periit
556 3212 627 3263 mole
639 3213 734 3263 ruinae
750 3229 895 3280 oppressa:
915 3213 995 3263 multi
1007 3212 1089 3263 etiam
1102 3211 1213 3267 iuvenes
1227 3213 1309 3264 adve-

219 3288 274 3329 'nae
285 3279 390 3332 nobiles
407 3288 435 3332 et
446 3281 562 3344 eruditi,
584 3281 631 3351 qui
648 3281 872 3338 addiscendarnm
887 3282 1065 3334 Romanarum
1076 3283 1166 3352 legum
1181 3300 1262 3334 causa
1276 3299 1308 3334 eo

222 3359 409 3403 commearant
452 3353 516 3405 Erat
541 3353 612 3403 enim
629 3350 682 3404 hoc
699 3352 761 3403 urbi
779 3351 897 3420 patrium
915 3361 942 3404 et
960 3353 1044 3404 veluti
1060 3353 1179 3405 maxima
1196 3352 1308 3405 honoris

220 3424 417 3500 praerogativa,
435 3423 508 3492 quod
522 3422 652 3474 eiusmodi
669 3421 777 3472 scholae
791 3422 816 3473 ei
836 3432 927 3475 essent
943 3421 1056 3474 dicatae.
1094 3423 1311 3493 Commigrarnut

220 3499 316 3561 rtaque
332 3502 389 3544 tum
405 3495 533 3562 temporis
549 3494 639 3561 legum
654 3493 818 3560 interpretes
835 3491 964 3544 Sidonem
979 3492 1207 3555 urbemviciuam‚
1231 3494 1310 3546 scho-

220 3559 319 3632 laeqne
331 3581 363 3616 eo
377 3565 531 3625 translatae,
551 3564 686 3632 tantisper
696 3561 760 3613 dum
774 3563 886 3628 Berytus
899 3561 1101 3614 instauraretur.
1123 3563 1206 3634 Quod
1222 3573 1250 3617 et
1269 3567 1310 3616 sa-

221 3640 293 3684 ctum
309 3642 363 3701 θεὶς
383 3649 555 3715 nequaquam
570 3632 681 3703 quidem
699 3632 786 3701 qualis
799 3640 877 3683 antea
891 3640 964 3694 erat,
988 3650 1077 3702 neque
1090 3642 1179 3686 tamen
1196 3636 1237 3689 ita
1255 3634 1310 3686 dis-

220 3703 323 3767 similis‚
337 3705 403 3774 quin
421 3721 522 3756 exeras
538 3710 647 3771 aspectu
663 3702 777 3770 pristina
789 3701 873 3770 ipsius
889 3703 974 3753 forma
994 3706 1101 3772 agnosci
1119 3714 1218 3774 posset.
1257 3706 1310 3758 sed

218 3772 286 3831 haec
298 3775 409 3845 quidem
423 3775 497 3825 urbis
516 3772 696 3824 reaedificatio
712 3780 739 3822 et
758 3771 909 3823 scholarum
928 3776 1062 3825 revocatio
1083 3775 1256 3843 postmodum
1266 3777 1310 3829 'vi-

218 3845 335 3898 debatur
350 3848 453 3901 futura.
492 3842 630 3894 Paridem
654 3859 764 3911 quoque
783 3844 894 3911 'tempus
921 3843 950 3892 in
963 3860 1058 3912 magna
1077 3846 1128 3896 illa
1147 3847 1310 3898 Alexandria

217 3917 252 3977 ad
269 3918 361 3972 Nilum
375 3916 475 3968 flumen
495 3913 545 3973 sita
560 3912 639 3983 (cum
655 3920 743 3963 tamen
761 3910 831 3962 illud
852 3911 984 3981 oppidum
1005 3923 1091 3985 terrae
1113 3918 1208 3968 motui·
1220 3917 1323 3970 obn0-·

218 3989 294 4047 aium
307 4003 365 4040 esse
379 3985 555 4051 nonsoleret)
574 3999 668 4034 sensus
682 3983 764 4033 etiam
780 3980 892 4050 quidam
909 3992 1007 4048 motus,
1026 3986 1310 4058 perexiguus'quidem

218 4059 267 4112 ille
280 4057 429 4121 annueris,
450 4058 540 4124 neque
556 4052 665 4105 omnino
678 4052 856 4123 manifestus„
877 4053 961 4106 factus
982 4064 1135 4125 esttamen.
1174 4059 1309 4111 Omnibus

218 4130 311 4198 itaque
327 4126 424 4183 incolis
438 4133 466 4178 et
482 4123 654 4193 potissimum
666 4123 745 4176 valde
760 4121 870 4173 senibus
885 4140 979 4192 magno
993 4125 1123 4176 miraculo
1138 4144 1170 4187 ea
1186 4127 1228 4180 res
1242 4129 1310 4195 iuit3

219 4199 321 4273 quippe
338 4213 408 4270 quaa
420 4202 499 4254 antea
516 4211 654 4271 nunquam
669 4191 821 4264 acciderat3
842 4209 930 4265 neque
946 4195 1089 4267 quisquam
1106 4195 1310 4264 dominanda,
