2738 4816
400 229 682 295 ursroutsuuu
713 235 737 296 τ.
759 236 790 302 s.
1080 207 1137 292 31-

15 400 16 415 ¹
89 381 177 458 πόνους
191 383 351 464 ἐξέκλινεν,
372 381 442 447 ἀλλ’
465 375 575 464 cri-flur,
596 374 678 459 ὅπως
693 376 782 465 εἶχεν
803 381 914 469 δρμῆς,
935 385 1063 470 κινήσας
1079 381 1204 451 riute.
1218 394 1269 481 {552

87 478 187 565 στρατόν
201 481 255 546 ἐπέ
270 481 327 567 τήν
340 481 456 566 Κύμην
472 478 603 567 ἐχώρει·
622 479 761 563 πόλισμα
779 477 981 549 δέἸταλικδν
998 486 1019 569 ἦ
1036 463 1226 571 Κάμηω·26

83 577 259 664 ἐχυρώτατον,
280 582 335 645 καί
348 574 414 646 οἷον
429 580 467 643 οδ
484 579 583 667 ῥᾷστα
609 581 767 662 πολεμίους
787 580 913 646 ἁλῶναι.
935 584 1063 669 ἵδρυται
1077 587 1137 665 μὲν

81 674 129 762 γάρ
147 676 192 742 ἐπέ
205 676 293 767 λόφῳ
318 676 383 744 τινὶ
398 680 603 768 δυσπροσόδην
623 703 657 744 τε
676 679 732 744 καί
748 674 885 746 άνάντει·
905 678 973 746 ἐστι
988 685 1022 747 δὲ
1035 682 1090 748 καί
1104 684 1138 750 ἐν
1213 735 1214 738 ,
1313 688 1334 749 f

63 775 200 863 ὅπερτωττῇ
208 780 264 842 τοῦ
276 780 429 860 πελάγους
442 779 501 842 τοῦ
514 777 786 863 Τυρσηνικοῦτέπέ
799 779 859 867 γάρ
869 783 907 867 τῇ
922 781 1000 868 άκτῇ
1012 780 1028 846 δ
1043 780 1137 869 λόφος

79 873 175 957 ἀνέχει,
192 875 231 953 τός
248 875 304 941 καί
317 871 397 962 ἄμφ’
414 871 513 942 adsto
536 877 634 961 δήπου
657 875 714 944 τόν
735 875 877 965 πρόποδα
896 878 1069 967 ῥοχδεϊντε
1084 884 1139 947 καί

78 977 257 1058 περικλάσδαι
272 971 309 1038 τό
327 973 446 1061 ῥόδεον,
467 967 532 1041 άνιο
551 979 586 1042 δὲ
604 975 707 1062 ἔρυμα
726 979 967 1065 περιβέβληται,
1005 978 1174 1066 πδργυιςν,
1185 999 1214 1055 ,5

77 1074 163 1136 τεκαὶ
177 1071 318 1154 ἐπάλξεσι
334 1073 554 1162 καρτερώτατα
574 1079 829 1164 ἐξειργασμένον.
849 1129 851 1132 >
882 1078 1003 1168 Τωτιλητ
1017 1103 1051 1143 τε
1071 1073 1157 1144 οδνΙ)

78 1169 127 1234 καὶ
143 1176 201 1263 Τεΐη
221 1183 288 1250 τοῖς
310 1176 476 1257 βασιλεῦσι
494 1172 646 1261 πρότερον
664 1179 728 1242 τῶν
745 1181 776 1242 Γ
774 1175 876 1241 ότθατν
900 1181 1137 1262 γεγενημένοις,

44 1265 158 1335 rotator
178 1271 307 1356 ἐπίτιμά
335 1298 369 1339 τε
393 1268 433 1359 ἤν
465 1277 520 1340 κατ’
535 1273 710 1358 ἆξτάγαστα
730 1278 794 1342 τάν
817 1275 1004 1362 κτημάτων,
1024 1279 1058 1342 ἐν
1077 1281 1135 1365 τῷ-

78 1370 108 1431 δε
118 1373 151 1459 τῷ
162 1370 302 1461 φρουρίῳ
309 1424 319 1454 ,
341 1368 384 1448 τός
393 1374 522 1457 βέβαιον
532 1367 566 1439 όν
573 1426 583 1455 ,
604 1376 811 1461 ἐφυλάττετο.
834 1376 976 1440 ἐνταῦθα
994 1379 1028 1440 δὲ
1048 1361 1135 1441 oded

79 1471 182 1555 Νυροῆς
197 1467 393 1558 άφικόμενος,
408 1471 482 1559 περὶ
492 1476 638 1538 πλεάττου
647 1475 783 1540 ἐποιεῖτο
799 1471 881 1538 ἑλεῖν
893 1498 929 1537 τε
946 1469 990 1548 ὦς
1000 1471 1039 1538 τά
1039 1499 1136 1555 χιστα

77 1561 107 1626 τό
120 1569 217 1654 χορίον
241 1570 379 1635 καὶτῶν
399 1569 574 1657 χρημάτων
601 1573 773 1660 κρατῆσαι,
795 1570 840 1647 ὥς
864 1571 945 1655 μήτε
970 1567 1132 1635 sistrum

60 1743 62 1746 v
80 1660 239 1754 ὅρμητήριον
253 1663 397 1755 άσφαλές
411 1668 521 1752 ἔχοιεν,
543 1649 674 1760 adspice
694 1667 734 1734 τά
749 1673 804 1755 τῆς
818 1670 904 1755 νίκης
914 1668 1087 1734 τελεοότατα
1100 1673 1132 1747 ἐς

45 1755 103 1840 ¹532
110 1788 131 1825 u
137 1767 261 1846 μάλιστα
273 1770 498 1855 ἐξειργασδείη.
513 1763 693 1856 Ἀλίγερνος
700 1768 759 1854 γάρ
770 1765 787 1833 ό
799 1770 872 1833 Τεΐα
880 1768 1030 1844 νεώτατος
1038 1768 1133 1834 άδελ-

79 1855 181 1942 φόζτυῦ
197 1866 348 1952 ἡγεμόνος
364 1870 427 1932 τῶν
453 1870 483 1931 Γ
480 1867 583 1932 ότδων
597 1869 819 1953 γεγενημένου,
840 1864 930 1932 ἔνδον
955 1891 992 1951 γε
1017 1861 1058 1953 ἦν
1074 1872 1132 1934 τοῦ

77 1962 226 2047 περιβόλου,
244 1965 302 2030 καί
309 1964 502 2052 στράτευμα,
512 1965 628 2032 ὁπόσον
641 1961 750 2032 οἷόντε
764 1957 814 2050 ἦν,
835 1965 922 2051 ἄμφ’
933 1962 1030 2033 αδτδν
1045 1966 1132 2052 α’γεί-

77 2077 134 2139 dat,
151 2064 237 2129 οδδέν
253 2089 285 2128 τι
301 2067 456 2152 εἰρηναῖον
473 2063 673 2147 ἐβουλεύετο·
702 2066 756 2130 καί
771 2059 822 2130 ὅτι
838 2067 899 2147 μὲν
927 2066 1018 2144 Teius
1032 2068 1067 2132 ἐν
1085 2069 1130 2157 τῷ

76 2160 172 2250 πολέμῳ
189 2157 337 2250 ἀνῄρητο,
359 2162 413 2228 καί
425 2162 464 2229 τά
483 2167 546 2230 τῶν
565 2163 711 2231 ΔΓότθυνν
723 2165 892 2249 πράγματα
911 2162 1073 2250 ἐκεκμήκει
1093 2190 1129 2231 τι

42 2255 118 2316 assui
133 2261 297 2343 διελέλυτο,
329 2254 389 2348 ἤδη
405 2285 466 2326 που
484 2265 517 2340 ἐς
532 2259 568 2327 τό
584 2262 713 2350 άκριβδς
729 2257 857 2348 ἠκηκόει
867 2313 877 2346 ,
905 2260 922 2328 ὅ
940 2264 975 2327 δὲ
993 2258 1061 2328 οὔδ’
1080 2261 1200 2340 ‹3ch

75 2348 160 2450 άνίει,
178 2359 252 2426 ου’δὲ
275 2361 333 2447 τὴν
353 2352 594 2446 ξυνενεχθεῖσαν
614 2360 772 2444 ἐδείμαινε
792 2364 913 2447 τύχην,
934 2359 1016 2427 ἄλλά
1037 2365 1082 2451 τῷ
1098 2387 1133 2428 τε

126 2476 234 2543 δέησιν
253 2480 299 2540 lt,
318 2476 366 2534 scd
386 2496 475 2531 maro
497 2477 587 2548 λόφῳ.
659 2482 710 2535 καὶ,
725 2487 790 2549 post
808 2478 840 2532 δὲ
856 2479 918 2533 add.
937 2482 968 2540 ll.
1037 2483 1063 2534 6.
1084 2482 1133 2533 καλ

126 2545 189 2619 ἄμφ’
207 2551 237 2601 ll.
256 2556 286 2600 et
303 2550 389 2617 lntpr.
411 2496 459 2601 ατί
464 2549 626 2622 inferiorem
645 2565 769 2618 partem,
787 2552 861 2621 vulg.
879 2553 935 2603 καὶ.
998 2555 1022 2606 8.
1044 2555 1132 2604 Τατί-

127 2617 195 2686 λοεῑ
215 2617 281 2688 Τείζι
300 2620 350 2685 ct,
372 2619 481 2671 Τάτιλα
501 2629 529 2673 ct
548 2619 631 2678 Τεΐας
648 2622 715 2684 Pan,
736 2621 845 2673 Τάτιλα
863 2629 892 2673 et
912 2619 978 2674 Τεΐα
998 2624 1027 2673 R.
1046 2622 1131 2692 Lugd.

128 2697 151 2740 et
167 2689 205 2742 ed.
224 2708 265 2760 pr.
358 2690 397 2758 τό.
416 2688 491 2758 crispi
510 2693 559 2755 R„
577 2689 665 2743 αδνοῦ
686 2693 758 2762 vulg.
842 2693 1082 2763 15ιέξεργασθείη
1101 2696 1130 2746 ll.

130 2760 161 2811 16.
177 2761 366 2831 γεγενημένος
386 2763 416 2814 ll.
433 2770 462 2813 ct
479 2763 563 2830 Intpr.
634 2752 693 2834 γάρ
712 2765 742 2816 R.
761 2779 811 2833 pro
828 2776 870 2834 γε.
935 2781 974 2834 ιφ
992 2777 1022 2816 τε
1039 2779 1090 2816 om.
1101 2765 1147 2817 Rs

130 2829 240 2884 τοιάδ’
255 2829 294 2888 δός
313 2832 359 2897 ll.,
379 2830 512 2903 οὐδαμῶς
528 2832 599 2904 vulg.
894 2867 896 2870 -

74 2935 199 3020 l{¹l’l2llque
216 2970 244 3006 se
262 2943 404 3020 tradebat,
423 2953 471 3006 sed
483 2953 626 3006 confestim
636 2961 710 3007 moto
724 2954 850 3007 'exercitu
862 2953 896 3006 ad
908 2951 1005 3005 Cumas
1019 2968 1129 3020 proces-

73 3015 109 3059 δή
136 3021 174 3074 Est
188 3041 250 3076 vero
269 3023 299 3074 id
316 3022 449 3093 oppidum
466 3025 591 3075 Italicum
609 3026 836 3087 munitissimum,
861 3040 951 3093 neque
971 3024 1053 3075 facile
1078 3040 1130 3074 ex-

73 3092 177 3149 pugnatu.
210 3095 300 3146 Situm
319 3095 392 3147 enim
409 3102 452 3144 est
470 3095 499 3145 in
518 3094 603 3146 arduo
621 3095 740 3163 quodam
755 3102 784 3145 et
800 3092 936 3145 difficilem
954 3093 1060 3147 aditum
1079 3093 1128 3145 ha·

72 3144 137 3210 lille
158 3165 239 3229 colle,
268 3173 297 3217 ct
320 3165 407 3217 veluti
431 3165 541 3234 specula
564 3166 647 3216 maris
666 3164 807 3232 Tyrrheni.
844 3165 972 3216 Imminet
989 3165 1062 3216 enim
1080 3166 1129 3216 lit·

73 3223 113 3299 lffll
127 3230 212 3299 tollis,
227 3239 273 3288 'ita
291 3243 323 3287 ut
340 3236 376 3287 ad
393 3237 451 3287 eius
470 3233 570 3303 pedem
583 3234 680 3287 fluctus
695 3237 776 3287 maris
790 3234 860 3287 illisi
876 3236 1046 3304 frangantur3
1068 3235 1129 3287 edi-

72 3292 125 3349 l¹⁰¹0
144 3304 198 3359 loco
217 3309 290 3359 vallo
311 3306 429 3358 cinctum
453 3314 507 3370 est,
526 3306 705 3376 turribusque
724 3314 753 3359 et
770 3307 980 3375 propugnaculis
995 3304 1130 3358 validissi-

73 3371 117 3440 na
131 3379 282 3430 structurae.
318 3379 350 3441 In
368 3375 421 3429 hoc
437 3379 532 3448 itaque
544 3378 727 3430 munitissimo
745 3378 938 3448 tutissimoque
954 3376 1056 3446 oppido
1072 3377 1128 3429 Το-

73 3430 118 3487 ula,
137 3453 161 3498 et
182 3449 264 3501 Teius
293 3448 396 3518 priores
420 3446 570 3499 Gothorum
590 3446 816 3518 regesquicquid
835 3448 900 3514 ipsis
918 3457 976 3500 erat
992 3449 1129 3517 preciosa·
1213 3500 1216 3505 ,

45 3540 47 3544 ·
73 3513 116 3558 rum
137 3526 213 3590 atque
239 3518 563 3571 admirandarumrerum
581 3519 732 3588 repositum
749 3517 897 3575 habebant.
928 3519 996 3588 Quo
1017 3517 1128 3569 simulac

71 3565 144 3636 Nara„
158 3592 291 3653 venisset,
309 3605 412 3641 summa
429 3589 456 3639 vi
475 3589 626 3653 contendit,
643 3597 674 3642 nt
693 3607 773 3660 quam
791 3590 923 3641 citissime
940 3597 969 3642 et
983 3586 1086 3658 oppido
1101 3595 1131 3638 et

69 3652 166 3719 Retuniis
184 3663 335 3729 potiretur,
353 3677 389 3711 ne
407 3657 504 3726 Gothis
524 3666 583 3711 tuta
602 3660 671 3713 belli
689 3659 782 3724 sedes,
805 3658 879 3711 uncle
902 3660 1008 3711 ltaliam
1030 3675 1127 3709 excur-

69 3724 165 3781 ”oritus
183 3733 362 3793 infestarent,
381 3730 603 3798 relinqueretur,
624 3748 713 3801 eoque
739 3729 841 3801 oppido
867 3737 1019 3799 expugnato
1046 3728 1128 3794 plena

69 3795 79 3829 l
94 3797 221 3872 solutaque
245 3803 359 3854 victoria
374 3802 536 3852 efficeretur.
572 3801 715 3874 Aligernus
730 3801 804 3854 enim
816 3802 945 3852 minimus
958 3799 1129 3851 natusrater

69 3848 147 3932 Τθῑοε,
164 3874 213 3942 qui
240 3871 392 3925 Gothorum
422 3871 479 3922 dux
503 3870 609 3933 suerat,
635 3873 707 3923 intra
735 3870 867 3942 oppidum
892 3878 951 3922 erat
968 3877 996 3920 et
1013 3869 1127 3921 collecto

68 3936 110 4003 3³⁰ss
123 3943 214 4013 exiguo
229 3944 351 4000 exercitu
362 3940 434 3993 nihil
449 3941 591 4011 pacificum
607 3943 698 3994 animo
725 3942 864 4010 agitabat,
884 3947 943 3992 tum
953 3939 1033 4009 ,quod
1046 3940 1127 3991 Teius
1190 4010 1192 4014 v

67 4008 89 4046 ¹¹¹
107 4004 171 4066 bello
196 4019 476 4075 caesus-esset,tum
514 4010 568 4068 uod
587 4011 737 4074 Gothorum
757 4030 799 4065 res
817 4010 991 4062 labefactatas
1012 4010 1128 4077 dissipa·
1233 4022 1237 4029 '

66 4068 141 4147 talque
156 4085 239 4153 plane
257 4084 444 4137 intellexisset
508 4099 660 4153 equaquam
680 4085 773 4154 itaque
793 4082 911 4134 animum
930 4080 1127 4148 despondebat,

66 4149 279 4217 leucastrense
300 4155 425 4208 fortunae
443 4154 514 4209 ictus
533 4153 823 4224 pertimescebamus
841 4160 868 4203 et
885 4152 939 4205 loci
951 4153 1020 4204 situs
1035 4158 1062 4206 et
1076 4165 1120 4200 re-
