2730 4816
393 105 675 184 ursnouranuu
704 111 745 171 u.
765 112 817 178 ss.
1082 81 1164 180 „115

42 259 239 342 geimarus.
258 258 289 322 εἰ
302 259 338 322 δέ
347 263 395 334 ’τις
411 252 511 338 οῦτως
525 258 680 346 ἐπανήξει,
693 262 938 349 ἒκτρέπονταίνε
954 260 1052 329 αδτὸν
1066 256 1168 330 dunr-
1175 287 1205 342 Α,
1214 287 1243 340 c,
1258 288 1310 358 554

45 383 141 439 τες,
170 354 227 420 καί
256 355 491 442 ἀποφεύγουσιν
517 358 561 436 ιῦς
583 362 804 445 ἕναμέστατον,
824 359 879 426 καὶ
908 359 1062 439 ῦπὸτοῦς
1084 361 1271 446 giem-²⁸·

41 456 159 533 wr‘ovg
176 453 224 519 ἔτι
247 459 411 538 τελοῦντα,
444 461 500 523 καί
519 459 557 523 ου’
575 457 729 546 πρότερόν
752 459 781 524 οἱ
802 455 926 546 ἐφεῖται
942 464 1005 526 scir
1024 465 1168 546 ξυνηθιῦν

42 561 265 637 μεταλαχεῖν
292 556 522 641 διαιτημάτων,
561 557 635 645 πρὶν
658 557 721 625 ὑπὸ
747 560 819 626 ιτοῦν
839 557 949 642 μα’γων
983 560 1169 646 ἀποκαθαρ-

0 680 27 715 a
50 657 147 738 θείη
173 653 211 717 τὸ
240 654 367 737 μίασμα
395 658 491 741 δῆθεν
516 661 574 722 τοῦ
596 659 796 735 ε’λπισθὲντος
819 659 981 739 θανάτου,
1024 657 1078 722 καί
1104 655 1169 726 οἷον

53 752 288 836 ἀνταπολάβοι
303 753 337 818 τὸ.
357 746 453 833 αὖθις
470 759 594 839 βιῶναι,
616 761 671 822 καί
682 749 813 842 εῦδηλον
832 759 892 838 μὲν
909 751 960 821 ὅτι
975 754 1013 842 δη
1032 761 1096 822 τῶν
1114 759 1170 821 οἰν-

51 851 247 939 έλρουπείων
267 856 372 919 ἐθνῶν
389 851 432 932 ὥς
452 844 586 938 ἕκαστοι,
608 855 642 922 εἴ
653 880 688 940 γε
705 852 861 944 ῦτῳδηοῦν
873 853 955 943 νόμῳ
973 858 1008 921 ἐκ
1025 856 1169 921 πλείστου

54 951 248 1036 νενικηνῦτι
268 946 520 1038 ἐμβιοτεῦσαιεν,
540 959 650 1020 τοῦτον
671 953 710 1040 δη
734 949 863 1041 ῦιριστον
881 955 1029 1040 ἡγοῦνται
1046 956 1100 1029 καί
1115 939 1173 1018 δι’·

58 1056 226 1133 σπέσιον,
247 1051 303 1115 καί
321 1050 409 1117 εἵπου
428 1080 461 1118 τι
477 1061 551 1141 παρ’
567 1058 684 1121 ἐκεῖνον
702 1056 880 1142 πράττοιτο,
911 1050 1048 1140 φευκτόν,
1063 1055 1096 1119 τε
1114 1052 1195 1124 ord-c

5 1161 142 1228 ,σταῖς
162 1147 247 1216 εἶναι
267 1154 357 1216 δοκεῖ
369 1151 425 1217 καὶ
444 1158 674 1238 καταγέλαστον
695 1156 749 1219 καί
764 1153 870 1218 ῦποῖον
885 1146 946 1239 ἤδη
962 1156 1017 1217 καί
1034 1153 1177 1218 ἀπιστεῖ-

67 1255 167 1315 σθαι.
192 1247 374 1336 ἑξεῦρηνται
392 1254 428 1316 δὲ
445 1247 529 1333 ὅμως
545 1255 646 1317 αἰτίαν
666 1242 731 1328 τοῦς
744 1251 922 1338 ἀνθρώποις
941 1247 998 1316 xor*
1011 1249 1094 1336 λόγον
1111 1253 1175 1318 τῶν

65 1351 205 1414 οἰκείων
235 1351 308 1434 πέρι
332 1340 436 1431 νόμιον
472 1343 584 1439 ῦλλοδι
601 1343 707 1432 ῦλλοι,
728 1349 827 1433 τυχὸν
840 1354 900 1433 μὲν
916 1352 1054 1434 ἀληθεῖς,
1077 1348 1177 1438 τυχὸν

71 1449 115 1513 δὲ
137 1445 195 1511 καὶ
212 1449 246 1523 ἐς
260 1443 296 1510 τὸ
315 1450 535 1539 πιθανώτερον
551 1448 784 1530 ἐσκευασμένοι.
804 1448 859 1512 καί
877 1451 970 1513 οῦδὲν
987 1445 1074 1529 οἶμαι
1088 1453 1174 1512 θαυ-

71 1545 217 1628 μαστὸν,
246 1547 277 1610 εἰ
292 1545 347 1626 trac*
363 1549 496 1632 [Πέρσαι
521 1545 673 1633 τοῦπαρὰ
702 1545 811 1633 σφίσιν
832 1547 935 1623 αῦτοῖς
960 1545 1020 1633 ἔθη
1042 1548 1176 1611 αἰτιολο-

3 1648 218 1728 ι5γοῦντες,
242 1645 392 1726 οἰμείνονοι
405 1649 574 1731 πειρῶνται
586 1649 650 1711 τῶν
667 1641 845 1729 ἑκασταχοῦ
861 1641 1054 1733 ἀποφαίνειν·
1076 1647 1179 1729 ἐκεῖνο,

86 1748 122 1809 δὲ
140 1742 194 1807 καί
210 1746 283 1808 λιάν
303 1746 510 1826 θαυμάσαιμι
529 1739 589 1826 δν,
617 1740 666 1810 ὅτι
684 1742 723 1829 δὴ
741 1744 769 1809 οἱ
787 1745 973 1815 παλαίτατοι
987 1747 1043 1830 τῆς
1065 1746 1176 1830 χώρας

86 1840 249 1929 οἰκήτορες,
259 1837 331 1936 εἶεν
349 1846 379 1906 δ’
395 1837 435 1908 δν
456 1835 542 1909 οῦτοι
564 1842 737 1930 Ἀσσῦριοί
748 1866 782 1906 τε
796 1846 852 1908 καί
865 1847 1024 1908 Χαλδαῖοι
1038 1846 1177 1929 καδΜῆ-

84 1945 152 2024 δοι,
178 1937 262 2005 αλλ’Ι
279 1945 406 2020 ἐκείνοις
431 1967 466 2026 γε
488 1937 526 2007 οῦ
546 1938 647 2008 ταῦτὰ
666 1938 775 2009 ἐδόκει.
811 1941 939 2027 καὶγὰρ
967 1943 1055 2029 οἰμφί
1077 1949 1177 2009 Νῖνον

85 2039 142 2125 την
164 2042 257 2105 πόλιν
294 2039 350 2105 καί
377 2040 437 2106 α’νολ
460 2039 517 2128 τὴν
535 2041 750 2131 Βαβυλωνίαν
772 2043 883 2129 χώραν
920 2041 975 2106 καὶ
992 2038 1068 2128 πρός
1086 2066 1120 2125 γε
1142 2045 1177 2107 ἐν

8 2142 125 2226 ποτῇ
141 2132 277 2227 Μηδικῇ
293 2138 406 2224 τῦμβοι
419 2167 453 2206 τε
467 2143 522 2206 καί
539 2146 638 2226 θῆκαι
653 2132 834 2208 τῶνποίλαι
845 2129 1025 2206 vedastinus
1040 2143 1176 2227 ἵδρυντο,
1186 2157 1212 2209 D

64 2233 145 2329 =oris
170 2231 267 2307 ῦλλον
285 2238 354 2306 τινὰ
372 2236 393 2327 ἢ
412 2238 469 2308 τὸν
484 2239 874 2333 ἦμέτερονοίποσώζουσαι
888 2237 1019 2328 τρόπον,
1040 2232 1095 2304 καὶ
1115 2237 1177 2303 εἴτε

159 2401 184 2452 3.
204 2397 340 2452 τελοῦντα
359 2402 391 2457 R.
409 2399 495 2470 Lugd.
514 2402 613 2470 Intpr.,
633 2400 781 2453 τελοῦνται
801 2399 862 2453 edd.
915 2400 940 2469 l.
959 2396 1178 2472 ἀποκαθαρθείη
1256 2447 1259 2455 .

158 2472 208 2532 R.,
231 2469 449 2543 δποκαθαρδελη
468 2473 538 2539 vulg.
609 2473 634 2529 6.
657 2470 880 2538 δνταπολάβοιτο
905 2465 991 2528 αὖθις
1017 2472 1045 2520 ll.
1151 2471 1179 2529 8.

158 2541 245 2592 τοῦτο
265 2539 296 2592 δὲ
310 2542 339 2592 ll.
417 2562 443 2612 9.
458 2543 549 2595 ἐκεῖνο
565 2543 595 2596 R.
669 2541 707 2608 ri.
722 2537 800 2612 παρὰ
821 2546 925 2612 σφίσιν
942 2543 1040 2597 αὐτοῖς
1054 2542 1094 2603 rt,
1111 2541 1179 2611 παρ’

158 2608 259 2667 αὐτοῖς
275 2612 346 2680 vulg.
405 2615 459 2665 rt.
478 2615 574 2665 Νῖνον
594 2615 624 2664 R.
643 2612 854 2677 cunr-Herodoti
874 2612 1070 2682 Strabouisque
1089 2611 1179 2673 libris,

148 2683 256 2735 Νίνον
280 2684 355 2752 vulg.
455 2701 496 2735 αι.
516 2680 604 2740 ἄλλως
622 2685 651 2735 R.
747 2678 820 2747 ἢΒ,
839 2685 888 2734 ναὶ
904 2683 975 2752 vulg.

94 2820 153 2892 quis
169 2821 313 2871 nutemita
327 2818 436 2883 redeat,
456 2826 614 2871 aversantur
629 2835 689 2871 eum
705 2835 797 2870 omnes
815 2825 842 2870 et
856 2816 1009 2886 defugiunt,
1020 2824 1052 2867 ut
1063 2819 1180 2870 maxime

95 2891 272 2959 piacularem,
296 2898 323 2941 et
347 2891 420 2942 inter
445 2889 635 2941 subterraneos
653 2888 742 2940 adhuc
763 2905 825 2939 eum
847 2895 972 2953 censeut3
990 2903 1080 2957 neque
1101 2897 1182 2940 autea

94 2962 241 3030 pristinum
254 2961 327 3011 vitae
342 2961 499 3012 institutum
513 2960 602 3011 colere
612 2960 638 3010 ci
651 2960 828 3028 permittitur,
847 2957 935 3009 donec
950 2974 964 3008 a
982 2960 1067 3026 magis
1084 2959 1179 3026 expia-

94 3038 151 3082 tum
165 3033 254 3083 fuerit
268 3031 407 3100 piaculum
424 3038 595 3100 exspectatae
618 3031 727 3093 mortis,
747 3037 776 3080 et
794 3027 994 3098 quodammodo
1022 3030 1078 3080 vita
1100 3028 1182 3081 redo·

94 3111 183 3155 netur.
222 3103 256 3153 Et
272 3110 345 3152 certe
361 3102 535 3152 manifestum
556 3108 597 3150 est
622 3101 740 3169 singulas
762 3099 904 3173 hominum
927 3100 1066 3162 nationes,
1090 3101 1113 3150 si
1137 3101 1182 3152 cui

94 3171 157 3242 legi,
172 3190 245 3242 quac
267 3191 282 3223 a
304 3173 390 3228 multo
417 3181 538 3240 tempore
559 3170 726 3234 obtinuerit,
746 3170 929 3232 assueverint,
963 3170 1094 3237 optimam
1122 3188 1182 3222 eam

94 3244 345 3314 aequissimamque
364 3242 500 3308 iudicarc3
519 3251 547 3294 et
565 3241 654 3292 sicubi
692 3241 740 3293 uid
759 3248 867 3310 practer
889 3255 949 3291 eam
974 3241 1038 3304 liat,
1064 3240 1182 3293 reiecta-

94 3329 177 3364 neum
196 3313 226 3364 id
250 3314 370 3383 ipsis'ac
387 3313 534 3365 ridiculum
556 3311 646 3364 videri
673 3260 853 3382 dignumque,
874 3312 919 3363 ciri
942 3309 1009 3362 fides
1027 3311 1179 3380 abrogetur.

94 3384 226 3436 Inventac
243 3392 307 3435 sunt
327 3391 420 3435 tamen
443 3382 478 3433 ab
496 3382 654 3434 hominibus
674 3400 783 3433 suarum
802 3383 891 3451 legum
911 3383 1029 3433 rationes
1046 3390 1074 3432 et
1085 3397 1181 3432 causae

95 3454 165 3505 aliae
181 3464 264 3524 atque
277 3456 363 3518 aliae,
383 3455 497 3506 fortasse
512 3455 624 3523 quidem
639 3470 734 3516 verae,
753 3453 874 3504 fortassis
897 3461 989 3503 autem
1009 3459 1036 3503 et
1057 3451 1092 3502 ad
1115 3468 1182 3518 per-

95 3523 268 3576 suadendum
285 3521 465 3592 comparatae.
503 3523 565 3592 Quo
581 3525 627 3584 fit,
646 3531 677 3573 ut
690 3524 788 3575 mirum
803 3522 871 3574 milri
884 3539 940 3573 non
960 3522 1094 3581 videatur,
1112 3521 1134 3571 si
1154 3529 1183 3572 et

96 3595 191 3646 Persae
205 3588 436 3646 rituum'suorum
454 3594 587 3646 rationem
602 3593 768 3655 reddentes,
788 3610 833 3644 eos
856 3593 938 3644 etiam
958 3590 1099 3660 quibusvis
1120 3590 1182 3642 aliis

95 3674 234 3732 praestare
257 3673 392 3716 censeant.
438 3665 510 3715 Illud
535 3680 599 3714 vcro
623 3663 781 3732 etquidem
805 3663 981 3716 vehementer
995 3660 1091 3724 miror,
1108 3661 1182 3730 quod

95 3736 278 3787 vetustissimi
291 3736 366 3785 illius
379 3736 499 3804 regionis
513 3733 701 3796 habitatores,
718 3733 821 3800 Assyrii
836 3732 979 3789 videlicet,
1000 3729 1132 3782 Chaldaei
1154 3740 1183 3782 et

97 3802 190 3870 Medi,
209 3823 267 3857 non
292 3804 387 3856 eadem
412 3823 473 3858 cum
496 3805 582 3856 Persis
605 3806 732 3855 sentiant.
768 3803 837 3854 Nam
858 3803 928 3853 cirea
958 3798 1023 3850 Nini
1042 3801 1138 3852 urbem
1158 3809 1186 3852 et

99 3874 167 3927 cirea
189 3876 382 3942 babylonicam
403 3891 435 3925 ac
450 3883 590 3944 praeterea
612 3873 748 3925 Medicam
768 3874 905 3941 regionem
922 3871 1022 3938 tumuli
1040 3879 1069 3923 et
1087 3888 1183 3940 capsae

101 3960 204 4010 eorum,
219 3947 268 4015 qui
282 3946 348 3997 olim
364 3948 465 3997 mortui
487 3947 607 4007 luerunt,
623 3951 750 4002 exstant,
774 3959 831 3993 non
859 3942 942 3992 alium
957 3958 1040 4062 K(puam
1061 3950 1184 3998 nostrum

101 4024 373 4085 tuoremw‘servauteu
400 4023 428 4065 et
439 4015 495 4068 sive
514 4031 626 4086 corpora
643 4013 714 4077 sint,
732 4013 788 4067 sive
803 4011 881 4074 cinis,
900 4028 954 4082 quo
997 4012 1030 4063 iis
1049 4010 1184 4074 conditur,
