2738 4816
408 234 691 334 mstoltrtlturr
725 273 751 367 ι,
772 280 802 341 ιι.
1098 274 1150 329 «τι

84 423 243 507 τολμητίας
259 441 297 486 τε
313 416 373 506 γὰρ
388 409 430 505 ἦν
445 421 478 497 ἒς
498 417 539 484 τό
556 418 694 502 μάλιστα
714 421 769 485 καί
786 422 985 506 ταραχώδης,
1006 418 1060 488 καί
1077 425 1158 506 πέρα
1166 439 1293 497 A.c.552

31 523 37 544 '
69 523 138 584 τιό
153 517 324 603 ἀναγκαίου
340 516 377 583 τό
399 520 618 604 φιλοκίνδυνον
643 520 842 602 κεκτημένος.
859 515 967 601 ,ἡνίκα
991 523 1066 605 γοῦν
1092 513 1257 599 τοῖςωδ

28 688 29 691 ¹
60 617 248 700 Ῥωμαίοις
265 614 378 706 όπρός
393 615 536 683 Τώτιλαν
549 614 603 683 τὸν
627 616 768 703 ἡγεμόνα
795 619 860 684 τών
876 619 907 682 Γ
904 615 1007 684 dedus
1028 618 1158 685 ώόίνετο

62 715 221 798 πτόλεμος,
235 715 336 804 sedorp
351 714 390 802 δὴ
406 714 477 781 τότε
490 720 534 805 τῷ
548 718 745 804 Θευόιβίρτῳ
760 716 961 800 ἑβεβοόλεοτό
980 717 1012 783 οἱ
1025 721 1081 783 καί
1093 721 1159 784 διε-

5 816 275 898 ὄιιιιοόόαστο,
312 817 372 892 ἕως
400 816 434 881 ἔν
449 815 565 905 Ἰταλίη
586 817 717 903 Ναρσῆς
746 840 781 880 τε
801 815 856 881 καί
874 815 913 881 τό
935 817 1159 903 στρατεύματα

69 913 214 997 ἐμόχθει
230 915 285 978 καί
301 913 506 999 ἕνησχόλητο,
536 912 634 991 αότός
650 911 756 999 πλήθη
771 913 900 1003 ἀγείρας
918 907 1035 998 όλκιμό
1052 940 1087 982 τε
1104 916 1160 985 καί
1165 932 1194 994 Ρ.
1202 931 1238 988 15

66 1013 309 1096 μαχιμώτατα,
328 1015 362 1088 ἐς
376 1011 417 1077 τό
435 1011 490 1078 ε’πί
507 1014 632 1103 Θρᾴκης
651 1007 825 1099 cipando-‘ias
837 1012 960 1100 χωρία,
990 1008 1110 1080 ἅπαντα
1124 1039 1160 1080 τε

71 1109 119 1175 τὰ
140 1113 213 1197 τῇδε
232 1111 544 1197 καταστρεψόμενος,
571 1107 658 1199 ἀμφὶ
673 1110 710 1177 ’τὸ
728 1108 905 1192 Βυζάντιον
921 1111 979 1199 τὴν
999 1110 1091 1179 πόλιν
1103 1111 1159 1199 τὴν

69 1209 225 1293 βασιλίδα
245 1208 302 1275 τόν
322 1209 457 1293 πόλεμον
473 1213 682 1296 μεταστῆσαι.
715 1207 799 1276 οότοο
826 1214 864 1278 δὲ
883 1211 1008 1301 ἐνεργόν
1026 1210 1069 1280 τό.
1084 1212 1168 1296 βοό-Ι

23 1315 178 1391 ολενμα
198 1313 335 1375 ε’ποιείτο
356 1307 487 1397 κοίτην
506 1299 709 1397 παρασκευίην
737 1312 1003 1398 ἒμβριθεστάτην,
1043 1312 1087 1390 ώς
1106 1311 1162 1378 καί

72 1409 309 1494 πρεσβεύεσθαι
334 1407 412 1495 πρός
431 1434 466 1474 τε
486 1414 517 1475 Γ
516 1409 726 1495 ἡπαιόαςικαί
745 1409 987 1498 Λογγιβόρόονς
1007 1415 1061 1477 καί
1079 1403 1160 1477 ἄλλα

74 1498 152 1572 ’ἅττα
172 1505 328 1594 πρόσοικα
349 1507 436 1594 ἔθνη,
454 1511 506 1594 ἐφ’
525 1501 551 1599 ᾧ
567 1507 623 1574 καί
642 1511 707 1574 cide
722 1509 924 1592 ξολλόβοιντο
940 1513 998 1574 τοῦ
1011 1514 1162 1591 πολέμου.

83 1601 117 1669 οὗ
132 1604 193 1692 γὰρ
208 1599 287 1695 ᾤετο
303 1600 413 1672 ἀνεκτοὶ
431 1601 521 1689 εἶναι,
537 1602 586 1672 ὅτι
601 1606 638 1692 δη
650 1605 800 1690 βασιλεός
810 1603 1030 1685 Ἰουότινιανός
1045 1613 1079 1675 ἐν
1097 1616 1162 1686 τοῖς

82 1705 306 1791 προηρόμμασι
324 1697 389 1782 τοῖς
409 1704 588 1789 βασιλείοις,
609 1703 789 1794 Φραγγικός
807 1730 843 1771 τε
860 1709 919 1771 ’καί
941 1706 1162 1789 Ἀλαμανικὸς,

34 1798 128 1881 ιςὲτι
142 1806 177 1867 δὲ
192 1805 223 1868 Γ
220 1803 386 1888 ηπαιδικός
404 1829 439 1868 τε
459 1806 516 1870 καί
533 1803 796 1892 Λαγγιβαρόικός,
817 1807 872 1871 καί
887 1799 1008 1892 ἑτέροις
1027 1807 1163 1871 τοιοῖσδε

90 1894 233 1983 ὀνόμασιν
250 1901 482 1988 ἀνεκηρύττετο,
502 1899 547 1979 ώς
564 1902 603 1988 δὴ
624 1903 744 1970 τοότων
763 1905 851 1992 αὐτῷ
867 1905 929 1969 τών
945 1905 1048 1970 ε’θ-νών
1062 1901 1163 1968 οἶκόν-

90 2024 143 2065 των
159 2003 411 2084 δεδουλωμένων.
432 1988 528 2079 οὗτός
539 2027 573 2068 τε
587 2000 625 2088 δὴ
645 1997 702 2068 οὖν
716 2008 861 2088 χαλεπώς
877 2002 973 2090 ἔφερε
986 2002 1044 2089 τὴν
1056 1998 1197 2088 όβρινρί.
1210 2035 1240 2073 ra

92 2099 136 2165 καί
152 2099 224 2176 τούς
245 2093 360 2180 ἄλλους
379 2105 635 2186 ξυγχαλεπαινειν
654 2099 760 2188 ἦξίον,
796 2100 850 2169 ότι
871 2102 909 2188 δη
939 2107 995 2169 καί
1014 2108 1193 2188 ξνννβρι-Ιλ

95 2201 220 2278 σμίνονς.
237 2195 325 2281 οἶμαι
335 2202 395 2282 μὲν
409 2195 468 2267 οὖν
483 2204 513 2266 εἰ
526 2203 582 2266 καί
594 2200 685 2286 rivos
698 2201 755 2286 τὴν
770 2200 969 2288 ἐκστρατείαν
982 2200 1162 2286 ἐποιήσατο,

69 2294 227 2362 ιοόιιώνατο
249 2291 288 2363 ἂν
309 2301 367 2377 oda
388 2301 423 2365 ἐν
442 2301 527 2388 καλῷ
547 2303 601 2384 τῆς
629 2301 831 2386 προπετείας,
864 2295 944 2373 sitta}
971 2298 1072 2382 τυχόν
1101 2303 1161 2381 μὲν

151 2400 173 2474 4
190 2403 228 2470 τῷ
243 2398 411 2473 Θευόιβέρτῳ
426 2403 466 2466 R,
486 2405 539 2455 τοῦ
555 2402 738 2472 Θευόιβέρτου
753 2403 824 2472 vulg.
931 2391 1162 2473 η.’μαχκμώτατα

151 2473 189 2543 It,
207 2470 380 2543 ίσχυρότατα
394 2473 464 2542 vulg.
534 2475 559 2526 8.
578 2473 849 2546 καταστρεψόμενος
863 2473 915 2536 CL,
932 2471 1163 2544 καταστρεψόμε-

150 2546 198 2600 doc
209 2545 291 2612 vulg,
310 2542 576 2614 καταστρεψόμενοί
589 2546 617 2595 R.
718 2562 745 2613 9.
758 2538 877 2614 ἐνεργόν
893 2546 920 2594 R.
937 2542 1031 2612 bugd,
1049 2543 1163 2614 ἐνεργὲς

151 2612 210 2666 edd.
274 2631 313 2666 ιι.
325 2612 468 2678 Γήιταιόας
483 2616 521 2676 tt,
538 2611 657 2671 Ππεδικς
669 2615 739 2684 vuig.
792 2612 1009 2682 Λογμιβάρόους
1024 2616 1064 2677 a„
1081 2617 1163 2682 Assy-

151 2687 208 2752 γοβ.
226 2683 297 2735 vul.
325 2693 328 2705 ·
371 2687 411 2738 13.
430 2680 534 2737 ἀνεκτὰ
549 2687 579 2741 R.
593 2693 621 2736 et
634 2683 730 2736 Suidas
743 2703 763 2736 s.
777 2701 812 2747 v.‚
833 2676 955 2737 ἀνεκτὸν
972 2685 1042 2752 vulg.
1091 2712 1092 2716 =
1124 2685 1162 2752 14.

151 2765 378 2826 προσηραμμασι
393 2756 426 2813 R.
513 2756 553 2812 15.
565 2754 679 2818 Γηπαιό.
694 2763 723 2806 et
735 2756 856 2824 Λαγγιβ,
874 2764 904 2808 ut
920 2773 958 2808 ιι.
1040 2756 1077 2806 ι6.
1089 2752 1166 2823 αὐτῷ

153 2825 196 2889 R„
219 2827 304 2894 Intpr.
323 2843 352 2878 se
366 2825 495 2878 subactas
512 2825 621 2888 habere,
638 2825 732 2877 αίτών
747 2827 818 2894 vulg.
914 2843 956 2877 ao.
977 2823 1031 2875 οόκ
1044 2825 1075 2878 ἐν
1086 2823 1163 2892 καλῷ

156 2895 183 2943 ii.
193 2895 289 2948 suidas
309 2913 329 2946 s.
344 2911 367 2946 v.
385 2893 533 2948 α’πώνοτοι
560 2894 693 2949 ἀπώνατο
710 2890 759 2949 οὖν
772 2898 820 2959 τῆς
832 2896 1003 2966 προπετείας
1017 2893 1050 2948 ἐν
1066 2895 1163 2963 said„

92 3034 93 3038 Ἰ
155 2965 183 3015 in
194 2965 277 3036 Lugd.
294 2966 420 3036 spatium,
438 2963 524 3019 ον’όὲν
539 2984 563 3023 a.
578 2983 612 3043 m.
628 2973 655 3018 et
669 2965 729 3017 edd.

94 3072 119 3116 et
134 3067 305 3127 turbulentus
331 3079 361 3123 et
384 3071 567 3140 periculorum
587 3059 695 3137 practer*
718 3067 829 3119 modum
847 3085 945 3121 amans.
980 3067 1051 3120 Cum
1069 3070 1164 3139 itaque

92 3138 209 3190 Romanis
243 3140 347 3192 bellum
376 3141 504 3193 adversus
531 3141 651 3191 Totilam
676 3137 829 3190 Gothorum
847 3139 942 3191 ducem
967 3148 1048 3192 esset·
1066 3148 1166 3203 ortum,

91 3206 287 3263 Theodibertus
305 3211 357 3262 hoc
376 3212 468 3262 animo
486 3210 619 3280 agitabat,
656 3225 813 3278 summaque
832 3209 975 3280 diligentia
993 3211 1166 3279 procurabat,

90 3285 117 3327 ut
131 3280 236 3332 interea
256 3279 320 3331 dum
338 3283 369 3332 in
379 3282 458 3332 Italia
469 3282 565 3332 Narses
588 3281 689 3347 pariter
707 3283 886 3341 etcaercitus
908 3281 1064 3333 laborarent
1085 3299 1166 3332 occu-

89 3350 195 3420 patique
210 3359 311 3416 essent,
329 3353 388 3421 ipse
404 3351 559 3404 fortissimis
574 3350 802 3420 validissimisque
816 3352 903 3421 copiis
920 3354 1019 3404 coactis
1038 3352 1068 3402 in
1078 3352 1167 3403 Thra-

88 3419 139 3470 ciae
157 3423 297 3490 regionem
315 3429 488 3488 penetraret,
522 3438 609 3491 eaque
632 3429 690 3472 tota
710 3424 861 3474 vastasset
878 3422 1033 3492 subiugata,
1062 3424 1167 3488 Byzan·
1189 3426 1190 3429 ’

88 3490 151 3540 tium
171 3492 275 3560 regiam
294 3492 389 3545 urbem
407 3491 511 3544 bellum
534 3492 700 3544 transferret.
744 3491 802 3543 Hoc
826 3509 890 3545 vero
916 3494 1062 3544 consilium
1088 3508 1167 3542 suum
1275 3485 1277 3498 '

88 3550 149 3613 ideo
170 3563 294 3631 gnaviter
312 3580 341 3613 re
359 3565 418 3631 ipsa
436 3569 567 3634 tantoque
587 3569 716 3630 apparatu
737 3569 778 3613 est
804 3573 998 3632 persequutus,
1027 3568 1059 3612 ut
1083 3561 1167 3612 ctiam
1250 3610 1252 3619 s

88 3629 118 3679 ad
131 3632 254 3700 Gepidas
272 3641 301 3684 et
317 3632 508 3701 Longobardos
533 3631 654 3701 aliasque
673 3633 817 3684 nonnullas
835 3633 962 3686 finitimas
980 3640 1073 3701 gentes
1092 3631 1166 3699 lega-

87 3700 187 3754 tionem
202 3703 365 3765 instituerit,
382 3700 498 3755 utethi
516 3704 545 3754 in
561 3704 720 3754 societatem
737 3701 805 3755 belli
821 3705 953 3757 venirent
984 3703 1080 3770 Neque
1094 3702 1167 3752 euim
1206 3751 1211 3764 ,

87 3773 256 3824 tolerandum
276 3789 334 3824 esse
352 3773 488 3835 censebat,
508 3770 582 3843 quod
600 3773 749 3841 imperator
765 3774 930 3824 Iustinianus
950 3774 979 3822 in
998 3769 1094 3823 edictis
1114 3773 1168 3823 im-

87 3845 230 3909 peratoriis
248 3843 372 3894 Francici
391 3851 420 3895 et
431 3842 608 3904 Alemannici,
625 3859 676 3893 nec
693 3861 749 3894 non
769 3843 897 3913 Gepidici
915 3850 942 3893 et
959 3840 1168 3909 Langobardici‚

89 3912 209 3984 aliosque
226 3913 416 3964 huiuscemodi
437 3915 533 3964 titulos
552 3913 606 3963 sibi
630 3913 797 3976 vindicaret,
828 3913 944 3981 perinde
972 3929 1003 3962 ac
1026 3913 1049 3961 si
1075 3924 1169 3964 ornnes

90 3979 165 4036 hasce
188 3983 484 4054 gentessuhiugasset.
528 3982 662 4050 Quocirca
686 3991 714 4035 ct
738 3985 797 4051 ipse
816 3985 932 4051 graviter
953 3982 1023 4033 hanc
1041 3982 1169 4034 iniuriam

91 4051 208 4118 screbat,
242 4059 272 4105 et
288 4054 356 4104 alios
382 4062 413 4105 ut
430 4053 566 4104 communi
585 4069 675 4104 secum
700 4055 801 4107 iniuria
820 4053 1040 4123 contumeliaque
1059 4055 1170 4103 affectos

91 4121 120 4172 ad
137 4124 339 4193 indignationis
354 4125 511 4175 societatem
529 4123 700 4174 sollicitabat
738 4125 793 4192 ligo
809 4140 872 4174 vero
891 4123 930 4174 ita
945 4130 1042 4184 statuo,
1061 4124 1084 4172 si
1100 4122 1170 4171 hauc

93 4192 133 4247 ille
154 4193 361 4264 expeditionem
380 4195 551 4264 suscepisset,
571 4191 757 4262 audaciam-ei
776 4209 851 4245 suam
868 4193 939 4247 nulli
958 4193 1031 4245 bono
1049 4192 1170 4243 futuram
