2738 4816
224 233 282 351 ελΙ
651 255 860 327 Animum

85 445 115 499 Α,
125 443 156 496 c,
168 444 219 496 552
287 416 338 498 λ’.
360 414 491 498 Νάμιμα
504 415 539 478 δὲ
557 405 669 490 αάτοῖς
682 416 744 480 εἶσι
758 413 887 496 μένπου
903 408 959 476 καί
974 406 1101 496 πάτρια,
1109 406 1144 474 τά
1160 410 1200 475 δέ.
1217 414 1295 495 γεέν

112 516 131 566 ¹·
143 516 163 566 Ῑ·
176 516 210 566 26
219 521 309 605 κοινῷ
322 517 511 602 ἐπικρατοῦν
525 536 560 578 τε
576 517 631 579 καί
652 506 750 599 άρχον
765 515 802 601 τῇ
819 512 983 598 Φραγγικῇ
1002 512 1126 575 ἕπονται
1143 509 1295 599 πολιτείρι,

219 612 301 699 μόνα
318 617 353 680 δέ
366 639 401 700 γε
417 610 458 678 τά
475 616 509 689 ἐς
525 610 600 678 θεάν
613 613 721 690 αὐτοῖς
743 607 781 675 σά
792 605 892 675 ταάτά
905 611 1053 689 ξυνδοκεῖ.
1069 609 1183 694 δένδρα
1195 633 1229 673 τε
1238 607 1296 695 γάρ

221 741 291 783 τινα
309 712 497 794 ἱλάσκονται,
507 713 563 777 καὶ
572 708 687 799 ῥεῖθρα
699 714 849 792 ποταμοῖν
866 709 921 775 καί
930 705 1048 795 λόφους
1060 707 1116 772 καί
1123 704 1298 794 φάραγγας,

223 816 278 879 καί
297 811 437 894 τούτοις,
466 807 571 897 ὥσπερ
599 806 673 876 ὅσια
695 811 847 898 δρῶντες,
874 810 989 884 ἵππους
1013 830 1047 872 τε
1071 809 1127 872 καί
1146 803 1227 888 βόας
1246 807 1317 886 καέ5

75 912 80 921 ’
138 920 170 976 V.
190 905 307 990 ιλάλλα
334 904 415 976 dna
446 909 548 997 μυρίοι
577 910 821 996 καρατομοῢντες
853 905 1096 985 ἐπιθειάζουσιν.
1118 898 1213 969 άλλά
1240 900 1299 991 γάρ

193 1011 244 1096 Βῆ
261 1015 325 1078 τεάν
354 1011 507 1096 Φράγγων
531 1002 646 1085 αὖτοὺς
671 1007 826 1090 ἐπιμιξίοι,
857 997 893 1070 τά
919 1008 1071 1087 ποιοῦσα,
1099 1002 1156 1068 καί
1176 1005 1211 1079 ἐς
1234 998 1301 1067 τάδε

222 1117 430 1195 μετακοσμεῖ,
453 1110 508 1174 καί
522 1101 583 1194 ἤδη
601 1110 768 1195 ἐφέλκεται
783 1103 857 1182 τούς
870 1106 1153 1192 ἐμφρονεστὲροος,
1176 1097 1215 1166 οὗ
1229 1107 1303 1166 πολ-

223 1213 282 1275 λοῦ
297 1211 332 1274 δὲ
348 1204 437 1291 οἶμαι
458 1208 575 1295 χρόνου
596 1212 652 1273 καί
674 1200 793 1273 άπασιν
811 1205 973 1290 ἐκνικὴσει.
990 1200 1030 1279 Ὶτά
1055 1200 1114 1289 γάρ
1134 1205 1192 1288 τῆς
1213 1198 1304 1285 δόξης

223 1307 400 1395 παράλογόν
415 1331 450 1372 τε
462 1311 517 1372 κοί
533 1304 710 1392 ἔκπληκτον,
731 1308 786 1371 καί
801 1299 908 1379 αὐτοῖς
929 1296 1018 1384 οἶμαι
1034 1311 1101 1378 τοῖς
1114 1302 1367 1385 χριομένοις,ιι.-.

224 1409 255 1472 εἰ
268 1404 313 1491 μη“
328 1402 461 1488 πάμπαν
475 1401 536 1472 εἷεν
552 1401 690 1491 ἠλίθιοι,
710 1400 871 1488 γνάριμόν
891 1403 926 1467 τέ
944 1403 1012 1467 ἐστι
1031 1403 1085 1465 καὶ
1109 1398 1303 1486 εὐφώρατον,

225 1509 280 1587 καί
296 1493 361 1574 οἷον
379 1507 555 1592 ἀποσβῆναι
578 1504 707 1596 ῥηιδίως.
725 1507 882 1570 ἐλεεῖσθαι
905 1505 964 1585 μὲν
985 1494 1042 1566 cdv
1062 1502 1182 1582 μᾶλλον
1205 1491 1228 1584 ἢ
1244 1523 1305 1581 χα-

225 1609 427 1673 λεπαίνεσθαι
448 1608 564 1671 δίκαιοι
582 1600 622 1671 άν
643 1601 715 1686 εἶεν,
737 1606 791 1668 καί
804 1603 947 1688 πλείστης
958 1599 1215 1683 μεταλαγχάνειν
1231 1621 1306 1681 συγ-

225 1704 350 1790 γνώμης
377 1699 510 1780 άπαντες
531 1700 598 1792 ὅσοι
621 1703 660 1787 δὴ
686 1707 744 1767 τοῦ
762 1703 902 1785 άληθοῦς
921 1692 1166 1785 ἁμαρτάνουσιν.
1188 1691 1228 1761 οὗ
1246 1694 1304 1783 γάρ

227 1802 329 1887 δήπου
358 1798 478 1878 ἑκόντες
505 1799 586 1868 εἶναι
615 1802 831 1866 attenuarat
858 1795 1116 1879 α’λισθαίνουσιν,
1144 1794 1227 1861 άλλά
1249 1791 1368 1861 corifi

228 1896 351 1985 οἷγαθοῦ
367 1901 536 1987 ἐφιέμενοι,
556 1899 663 1966 ἔπειτα
680 1901 852 1985 σφαλέντες
874 1900 912 1985 τῇ
932 1897 1033 1983 κρίσει
1051 1892 1197 1961 τολοιπὸν
1219 1892 1307 1978 ἔχον-

200 2023 282 2075 εται
298 2003 360 2065 τῶν
375 2001 569 2084 δοκηθένιοον
587 1994 699 2084 άπριξ,
720 1995 815 2062 άποῖα
835 1989 912 2062 dara
930 1996 985 2060 καί
1000 1996 1126 2078 τάχοιεν
1145 1985 1231 2058 ὄντα.
1253 1991 1306 2078 τήν

230 2125 265 2184 γε
283 2097 348 2185 μὴν
363 2102 427 2163 τῶν
446 2102 569 2164 θυσιῶν
586 2091 733 2184 οέμότητα
751 2095 807 2161 καί
826 2094 1088 2178 κακοδαιμονίαν,
1110 2094 1168 2157 οάκ
1191 2088 1264 2158 οἶδα
1281 2092 1309 2156 εί

231 2195 299 2267 οἶόν
316 2222 351 2262 τε
361 2193 441 2286 λόγῳ
458 2197 656 2281 ἀκέσασθαι,
677 2196 737 2262 εἴτε
756 2188 883 2262 άλσεσιν
897 2197 1087 2260 ἐπιτελοῖντο
1105 2186 1211 2278 ὥσπερ
1231 2192 1308 2273 άμέ-

232 2304 278 2362 λιι
293 2293 379 2384 παρά
390 2297 574 2383 βαρβάροις,
596 2294 657 2362 εἴτε
677 2304 741 2373 τοῖς
756 2294 855 2360 πάλαι
867 2298 1097 2377 νενομισμένοις
1111 2297 1206 2373 θεοῖς,
1217 2287 1368 2355 tactas:

230 2396 266 2462 αλ
281 2400 343 2465 τῶν
356 2395 510 2483 Ἑλλήνων
537 2397 700 2463 ἐθέλουσιν
724 2396 887 2481 άγιστεῖαι.
925 2389 986 2478 ἐγώ
1008 2394 1068 2474 μέν
1084 2390 1144 2478 γάρ
1174 2390 1310 2477 ἡγοῦμαι

299 2533 324 2569 2.
341 2514 514 2586 ἐπικρατοῦν
535 2530 565 2568 τι
583 2517 631 2568 καλ
649 2513 740 2587 ἄρχον
754 2543 784 2557 -
804 2515 930 2567 ἕπονται.
949 2513 994 2566 Sic
1017 2514 1045 2565 u.
1063 2521 1092 2566 et
1114 2511 1210 2582 Lngd,
1227 2513 1311 2581 Iutpr.

299 2604 409 2657 quoque
417 2599 568 2651 sectantur,
585 2586 805 2658 ἐπικρατοῦνται
816 2588 864 2637 καλ
878 2583 1018 2655 άρχοντοιι
1028 2613 1056 2625 -
1068 2583 1185 2640 ἓποντες
1197 2581 1261 2638 cdd.
1279 2600 1312 2635 ex

298 2656 440 2726 mg.Lugd.
478 2662 504 2716 3.
513 2655 590 2727 μόνα
600 2660 628 2709 R.
638 2655 796 2729 (Ολ.),μο’νῳ
806 2657 878 2726 vulg.
913 2658 936 2708 5.
953 2652 1311 2724 καὶβόαςαιλιλ.Β.σῐΙοῑρτ.

302 2745 326 2795 7.
342 2725 406 2779 τάδε
422 2730 450 2782 R.
466 2738 494 2781 et
507 2728 600 2797 Lugd,
616 2723 648 2781 τά
665 2726 803 2785 (λέονσιλιλ.
814 2744 846 2779 ex
863 2742 914 2796 mg.
930 2724 1015 2794 Lugd.
1068 2744 1094 2795 9.
1111 2722 1192 2796 οἶμαι
1202 2725 1311 2795 χρόνου

300 2801 340 2861 lt,
357 2796 465 2867 χρόνου
485 2796 566 2850 οἶμαι
579 2800 650 2868 vulg.
713 2817 750 2852 ro.
767 2799 857 2850 τεκαὶ
872 2800 900 2850 Β.
918 2795 1018 2864 Lugd,
1036 2809 1071 2864 γε
1087 2799 1135 2846 καὶ
1152 2795 1215 2850 edd.
1273 2813 1311 2848 ra.

212 2866 216 2887 ²
300 2869 414 2940 μᾶλλον
429 2868 490 2921 add.
498 2855 531 2920 li.
556 2870 714 2940 cl.),1ntpr.
729 2869 830 2940 γοιίιιτ.
886 2864 1268 2937 15.etraaadd.1.ug‹1.,e‹l‹t
1286 2873 1313 2918 et

301 2941 330 2992 R.
345 2957 397 2994 om.
471 2941 510 2994 18.
528 2955 609 3012 ομοιι
619 2943 652 3023 λλ.
663 2956 712 3009 pro
727 2937 801 2998 cido.

303 3068 329 3120 7.
354 3053 424 3105 Sunt
439 3070 503 3106 vcro
519 3054 601 3107 etiam
618 3053 661 3106 his
673 3053 761 3122 patria
775 3053 909 3124 quaedam
925 3055 1063 3106 instituta:
1088 3052 1119 3104 iu
1134 3050 1313 3117 reipublicae

233 3122 551 3177 vero'adrninistratione
567 3126 733 3178 Francorum
758 3125 883 3192 politiam
902 3131 1066 3197 sequuntur:
1091 3130 1198 3175 tautum
1222 3123 1312 3183 iniis,

235 3207 304 3261 quae
319 3193 354 3244 ad
368 3192 456 3244 Deum
473 3196 627 3262 pertinent,
650 3195 785 3248 sententia
805 3197 918 3247 variant.
950 3193 1067 3246 Arbores
1087 3193 1161 3245 enirn
1182 3190 1313 3262 quasdam

142 3324 144 3328 .
235 3262 338 3324 colunt,
358 3270 386 3313 et
400 3260 541 3314 fluminum
555 3264 645 3333 lapsus
657 3273 685 3317 et
697 3266 780 3317 colles
795 3271 822 3316 et
837 3266 935 3316 saltus:
954 3273 1036 3334 atque
1050 3262 1103 3325 his,
1121 3270 1253 3333 tauquam
1270 3264 1313 3312 iu-

235 3339 276 3381 sta
291 3331 439 3393 facientes,
466 3349 550 3404 equos
563 3334 701 3407 bovesque
715 3335 826 3405 aliaque
838 3336 1036 3405 quamplurima
1052 3335 1162 3386 resectis
1180 3332 1314 3401 capitibus

235 3402 385 3452 immolant.
411 3403 492 3454 Porro
508 3404 685 3468 consuetudo,
701 3421 783 3474 quam
801 3421 862 3454 cum
874 3406 985 3457 Francis
1001 3402 1115 3467 habeut,
1129 3404 1197 3472 ipsis
1211 3402 1315 3454 condu-

220 3473 283 3534 cit,
296 3472 326 3522 in
336 3473 432 3525 melius
446 3474 610 3526 transferens
626 3481 656 3527 et
675 3473 874 3546 quodammodo
894 3472 1053 3543 pertrahens
1075 3474 1240 3536 cordatiores
1256 3494 1263 3525 ε
1288 3481 1316 3524 et

149 3539 154 3551 ‘
236 3543 322 3605 brevi,
341 3543 409 3594 utis
430 3560 485 3606 cro,
511 3552 632 3613 tempore
645 3543 698 3596 hoc
715 3544 804 3613 ipsum
816 3544 889 3612 apud
910 3562 1002 3596 omues
1019 3547 1133 3598 evincet.
1168 3543 1316 3613 Opinionis

237 3615 310 3664 enim
323 3559 476 3666 absurditas
488 3622 517 3666 ct
526 3615 637 3666 vesania
651 3616 734 3666 etiam
748 3614 782 3666 ab
797 3616 864 3683 ipsis
881 3616 1006 3677 arbitror,
1018 3618 1066 3685 qui
1082 3633 1114 3667 ea
1127 3615 1228 3666 imbuti
1243 3622 1315 3676 sunt,

237 3685 291 3735 nisi
305 3684 386 3754 plane
399 3683 495 3736 stolidi
507 3685 571 3747 siut.
590 3685 773 3754 cognoscitur,
786 3684 922 3756 facileque
936 3686 969 3737 iis
984 3686 1065 3736 enimi
1082 3686 1177 3754 'possit
1205 3687 1241 3736 Et
1255 3701 1315 3736 saue

236 3757 470 3807 commiseratione
493 3762 522 3807 et
546 3757 626 3807 venia
644 3757 745 3825 potius,
772 3773 854 3827 quam
879 3756 942 3808 odio
970 3755 1044 3823 digni
1063 3764 1127 3807 sunt
1145 3763 1282 3826 quotquot
1300 3772 1316 3804 a

236 3841 299 3876 vero
314 3826 448 3877 aberrant
484 3824 581 3894 Neque
599 3829 672 3878 enim
687 3826 809 3894 volentes
823 3834 915 3878 errant
928 3835 956 3878 et
968 3826 1114 3888 labuntur,
1141 3824 1190 3876 sed
1207 3826 1316 3877 boniac

237 3897 304 3946 recti
319 3895 449 3962 studiosi3
474 3896 577 3949 iudicio
596 3905 687 3950 autem
702 3896 809 3966 decepti
824 3905 967 3965 conceptas
984 3898 1066 3949 semel
1081 3896 1226 3967 opiniones
1246 3913 1318 3947 mor-

237 3965 313 4016 dicus
327 3973 431 4030 tonem,
450 3968 643 4039 cuiuscumque
657 3968 765 4036 generis
776 3968 885 4019 fuerint.
912 3969 992 4019 Porro
1009 3970 1203 4020 sacrificiorum
1221 3969 1316 4017 imma·

237 4036 308 4086 nitas
324 4044 351 4087 et
365 4036 474 4088 sinister
489 4038 591 4099 cultus,
617 4038 753 4089 nonsatis
771 4038 826 4088 scio
843 4054 875 4088 au
894 4037 983 4090 verbis
1001 4041 1087 4091 curari
1107 4040 1234 4106 possint,
1263 4037 1316 4088 sive

238 4105 352 4161 saltibus
371 4114 399 4157 ct
413 4107 481 4158 lucis
497 4115 662 4175 praestetur,
680 4115 711 4158 ut
723 4107 795 4176 apud
811 4105 957 4172 barbaros,
984 4111 1041 4163 sive
1057 4111 1106 4171 iis,
1126 4109 1174 4176 qui
1190 4109 1258 4159 olim
1270 4107 1317 4157 ha-

208 4181 211 4187 ’
238 4175 291 4228 biti
309 4183 372 4228 suut
390 4175 446 4239 dii,
472 4179 564 4247 quales
583 4178 745 4231 Graecorum
763 4178 858 4246 religio
870 4180 965 4232 tenuit.
1009 4180 1142 4249 Equidem
1165 4178 1204 4230 ita
1226 4185 1316 4232 statuo
