2730 4816
231 195 286 310 78
663 224 873 294 latrans

92 380 316 446 Α.0.563τι’σαι
339 372 386 447 οἷν
411 376 582 464 ἐτύγχανον
602 381 807 467 η’σεβηκότες.
836 381 917 471 πλὴν
942 384 1012 449 ἄλλ’
1036 375 1119 467 ὅμως
1136 382 1198 451 εἴτε
1222 384 1310 456 οὕτω

117 452 138 504 ¹⁸
155 454 368 562 ιηλξιιμρλοὶυ,
396 476 459 544 εἴτε
481 477 537 544 καί
561 475 637 557 ἴσως
662 483 727 547 τῶν
766 483 987 565 Ἀλαμανικοῖν
1007 481 1230 570 χρησμολόγων
1243 471 1310 577 ’ὅτῳ

227 575 268 664 δὴ
286 571 343 643 οὖν
360 580 463 667 τρόπῳ
480 578 519 643 τό
533 577 665 661 ἐσόμενα
681 583 963 669 ἕπιφρασαμένων,
986 575 1024 646 οὗ
1047 581 1134 648 κενὸν
1151 594 1217 663 τοῖς
1235 594 1313 652 πολ-

228 681 294 754 λοῖς
314 671 388 742 odat
405 673 606 762 ἀτελεύτητον
624 674 727 757 ἔδοξεν
740 677 822 746 εἶναι
840 677 876 745 τό
893 681 1068 763 μάντευμα.
1094 677 1176 759 ὅπως
1196 684 1231 748 δὲ
1247 687 1312 750 τοῖν

228 774 339 860 ἑφεξῆς
355 779 470 841 ἕκαστα
486 773 650 863 ἐπράχθη,
682 772 794 843 αὐτίκα
816 780 850 856 ἐς
867 775 903 844 τὸ
923 773 1048 865 ἀκριβὲς
1067 778 1111 857 ὥς
1129 773 1194 846 οἶόν
1210 783 1247 848 τέ
1256 785 1332 864 μοιὸ

221 875 385 950 λελέξεται.
707 958 709 961 ¹

304 971 340 1051 ζ.
375 974 412 1039 ‘O
428 971 562 1060 μὲνγὰρ
583 977 644 1041 τεόν
659 976 812 1063 Φρόγγων
828 973 905 1053 λεώς
924 966 987 1042 ὧδέ
1008 1003 1074 1055 πως
1094 973 1178 1063 εἶχεν
1198 978 1311 1067 ὁρμῆς,

210 1084 278 1145 «καὶ
298 1063 358 1158 ἤδη
387 1068 493 1150 αὐτοῖς
519 1071 558 1138 τοὶ
581 1068 660 1140 ὅπλα
689 1074 948 1161 μετεκεχείριστο.
985 1076 1135 1154 ἐξώπλισε
1163 1081 1199 1144 δὲ
1221 1080 1312 1147 καὶὸ

223 1179 356 1265 Ναρσῆς
371 1171 446 1251 τους
464 1166 668 1257 Ῥωμαίους,
698 1172 754 1238 καί
771 1173 904 1258 ὑπεξῆγε
922 1177 980 1240 τοῦ
995 1180 1227 1263 στρατοπέδου,
1259 1182 1314 1268 ἐφ’

223 1269 248 1367 ᾧ
268 1279 302 1343 ἐν
320 1275 499 1360 μεταιχμίῳ
516 1276 682 1356 γενέσθαι,
713 1264 807 1359 οὗπερ
824 1270 890 1337 ἔδει
910 1268 1024 1352 adrosis
1041 1279 1073 1353 ἐς
1091 1279 1236 1364 φάλαγγα
1255 1304 1352 1345 ssa-lo

194 1379 390 1460 Βταστῆναι.
426 1374 461 1438 ἐν
477 1364 503 1462 ᾧ
520 1374 554 1436 δὲ
572 1369 607 1434 τό
626 1369 806 1458 στράτευμα
827 1373 996 1458 ἐκεκίνητο,
1024 1374 1080 1439 καί
1103 1369 1165 1461 ἤδη
1186 1373 1315 1465 δστρα-

221 1475 315 1563 τηγός
332 1475 376 1562 τῷ
388 1475 471 1562 ἵππῳ
487 1469 677 1556 ἒπεβεβὴκει,
693 1465 874 1554 ἆγγέλλεταί
887 1469 927 1555 οἱ,
939 1471 983 1549 ὥς
1004 1465 1151 1560 Ἔρουλός
1160 1501 1208 1553 τις
1219 1477 1314 1566 α’νὴρ,

131 1643 133 1649 ,
221 1571 260 1642 osi
275 1578 337 1641 τῶν
350 1574 471 1638 πολλῶν
490 1575 566 1657 παρ’
582 1565 690 1647 αὐτοῖς
708 1568 763 1633 καὶ
778 1569 1060 1654 διαλανθανόντοον,
1076 1567 1145 1637 ἀλλ’
1159 1575 1313 1663 εὐπατρί-

222 1677 278 1761 δης
299 1676 334 1739 ἐν
349 1679 414 1747 τοῖς
429 1672 565 1751 μάλιστα
579 1671 633 1733 καί
643 1665 799 1753 ἀρίδηλος,
817 1671 872 1733 ἕνα
885 1671 949 1734 τῶν
973 1670 1095 1736 οἰκείων
1107 1671 1314 1758 θεραπόντων

144 1802 159 1825 ι,
220 1768 395 1848 ἀπεκτονώς
422 1767 470 1852 εἴη
493 1768 671 1853 οἰκτρότατα
696 1768 750 1852 ἐφ’
775 1765 895 1855 ὁτῳοῦν
919 1766 974 1831 ιιαί
994 1771 1162 1855 σφαλέντα
1194 1773 1350 1848 edacitati

125 1907 128 1914 ·
221 1871 261 1957 δὴ
275 1854 341 1936 ὀὖν
359 1863 498 1950 ἐπισχών
522 1868 564 1953 τῷ
583 1864 697 1950 ῥυτῆρι
712 1863 769 1930 τόν
792 1867 902 1949 ἵππον,
928 1863 1063 1952 παράγει
1084 1871 1118 1945 ἐς
1134 1871 1233 1950 μέσον
1257 1867 1312 1938 τόν

220 1965 427 2057 ἀνδροφόνον,
450 1964 493 2042 ὦς
510 1959 570 2046 οὐχ
587 1957 674 2028 ὅσιον
685 1954 719 2028 όν
740 1966 794 2028 ἐπὶ
814 1960 866 2030 τὸν
881 1965 1017 2047 πόλεμον
1033 1967 1116 2031 ἰέναι
1132 1965 1208 2053 πρίν
1231 1969 1312 2035 ἄπο-

220 2070 427 2152 λυμήνασθαι
446 2065 501 2136 καί
519 2056 693 2149 ἆφαγνίσαι
717 2060 751 2128 τό
770 2064 905 2145 μίασμα.
938 2063 1008 2129 ἐπεὶ
1023 2066 1059 2128 δὲ
1082 2065 1169 2154 αὐτῷ
1185 2073 1312 2134 πυνθα-

219 2171 340 2257 νομένῳ
365 2166 399 2232 τὸ
414 2165 560 2251 πραχθὲν
584 2162 776 2246 οἷνιομυλόγει
798 2159 814 2226 ὃ
832 2162 993 2249 βάρβαρος
1016 2166 1146 2229 καίτούκ
1167 2161 1310 2256 οἷνῄνετο,

218 2267 401 2334 τοιλναντιλιν
417 2267 478 2347 μὲν
500 2256 628 2328 οὖνκαὶ
649 2258 762 2348 ἐφετὸν
787 2257 866 2327 εἶναι
887 2262 1005 2350 ἔφασκε
1027 2272 1092 2342 τοῖς
1111 2269 1343 2353 κεκτημένοιςοο

132 2372 161 2428 Ρ.
181 2365 298 2446 λδτοός
319 2368 490 2454 σφετέρους
509 2359 639 2438 δούλους
657 2354 677 2449 ᾗ
696 2359 863 2444 βούλονται
885 2365 1043 2446 μετιέναι,
1077 2358 1123 2428 ὅτι
1148 2388 1182 2430 τε
1203 2367 1260 2433 καὶ
1280 2368 1308 2433 οἱ

217 2471 336 2555 ἕτεροι,
373 2466 403 2530 εἰ
424 2462 469 2548 μὴ
503 2470 712 2548 σωφρονοῖεν,
750 2454 830 2525 itte
852 2457 912 2547 γόρ
944 2464 1000 2526 καί
1018 2464 1083 2526 οἴιλε
1100 2463 1308 2552 παραπλήσια

217 2572 390 2632 πειλτονται·
419 2560 526 2647 ἐπειδὴ
551 2555 609 2626 οὖν
630 2556 735 2646 οἵσπερ
761 2555 798 2626 οὗ
815 2567 993 2644 μεταμελον
1013 2557 1099 2651 αὐτῷ
1118 2567 1172 2648 τῆς
1196 2591 1308 2653 παροο

287 2673 312 2725 8.
331 2665 473 2730 αὕτοῖςλλ,
491 2666 568 2734 αὐτῷ
584 2665 654 2732 vulg.
696 2681 735 2717 sa.
751 2663 910 2732 ἐπιβεβὴκει
925 2666 953 2715 ll.
1030 2683 1067 2734 ¹9·
1089 2657 1195 2736 ἐφετὸν
1212 2685 1307 2722 emen-

238 2800 240 2803 ,
288 2742 367 2794 davi:
382 2757 445 2791 nam
461 2739 575 2808 ἐφιέναι
596 2735 669 2786 inter
683 2735 735 2785 olio
752 2734 786 2786 ab
804 2737 915 2804 optimis
933 2736 1112 2801 scriptoribus
1128 2753 1178 2806 pro
1192 2742 1308 2806 permis.

287 2825 347 2867 tere
370 2811 489 2878 ponitur.
515 2809 598 2875 lntpr.
623 2806 709 2857 licere
738 2805 884 2858 asserebat.
909 2801 1012 2876 ἐφιτόν
1032 2809 1072 2872 R,
1091 2800 1217 2879 ἐφικτόν
1233 2812 1304 2880 vulg.

288 2901 332 2936 na.
350 2878 540 2952 παραπλήσια
560 2879 599 2940 lt,
616 2874 823 2944 παραπλήσιον
838 2878 909 2946 vulg.

217 2979 290 3024 tasse
308 2969 490 3022 Alamannicis
506 2965 614 3017 vatibus
636 2980 801 3033 quocunque
819 2964 930 3016 tandem
950 2963 1031 3018 modo
1041 2965 1131 3017 futura
1145 2966 1309 3034 praedicen-

219 3044 308 3104 tibus,
328 3049 401 3092 certc
417 3056 473 3090 non
488 3053 586 3089 vanum
603 3049 694 3103 neque
710 3034 816 3086 irritum
830 3035 860 3087 id
872 3036 1032 3087 vaticinium
1045 3036 1137 3086 multis
1156 3042 1198 3087 est
1211 3039 1310 3093 visum.

221 3112 284 3180 Quo
303 3118 382 3180 pacto
398 3118 488 3161 autem
505 3109 635 3175 deinceps
652 3105 758 3174 reliqua
777 3113 850 3175 gesta
873 3108 944 3170 sint,
961 3113 1083 3158 accurate
1098 3106 1198 3170 statim,
1218 3108 1310 3178 quoad

221 3185 280 3234 eius
294 3181 354 3232 fieri
367 3182 478 3249 poterit,
497 3178 631 3231 dicentur.

291 3270 317 3322 7.
355 3253 451 3304 Franci
473 3251 566 3320 itaque
590 3249 630 3299 ita
645 3246 743 3298 animis
760 3244 933 3309 aestuabant,
957 3250 986 3296 et
1002 3246 1056 3296 iam
1070 3261 1142 3297 arma
1166 3246 1310 3316 corripue-

219 3331 287 3378 rant
323 3321 419 3375 Narses
440 3323 521 3374 etiam
553 3337 615 3370 suos
633 3317 745 3368 armavit
772 3317 918 3387 castrisque
942 3316 1052 3378 eduxit,
1081 3316 1168 3368 donec
1196 3316 1232 3368 ad
1247 3334 1309 3370 me-

220 3394 295 3446 dium
306 3395 380 3447 inter
397 3394 464 3444 duos
475 3392 608 3444 exercitus
625 3389 742 3457 spatium
755 3387 883 3449 venisset,
901 3386 950 3439 ubi
961 3386 1105 3456 oportebat
1114 3403 1160 3438 ρο,
1175 3389 1205 3439 in
1222 3390 1311 3440 aciem

219 3465 338 3536 disponi.
381 3465 487 3516 interea
508 3478 572 3514 vero
595 3459 659 3511 dum
681 3457 815 3508 exercitus
833 3466 938 3520 movet,
963 3466 993 3509 et
1011 3459 1064 3508 iam
1081 3465 1192 3527 praetor
1207 3475 1311 3528 equum

218 3532 441 3599 conscenderat‚'
457 3533 599 3585 nuntiatur
620 3529 687 3599 ipsi,
710 3527 841 3578 Herulum
854 3527 989 3598 quendam
1005 3544 1061 3578 non
1085 3544 1099 3579 e
1122 3529 1216 3580 multis
1234 3531 1310 3580 inter

182 3607 183 3610 ,
217 3609 306 3679 ipsos,
333 3622 425 3676 neque
448 3603 612 3661 obscurum,
642 3597 690 3649 sed
708 3596 830 3648 nobilem
855 3598 981 3666 inprimis
998 3598 1187 3668 illustremque
1209 3601 1309 3662 virum,
1338 3642 1346 3649 ,

216 3679 352 3749 quendam
372 3695 386 3728 e
407 3673 562 3727 domesticis
583 3670 638 3720 suis
657 3669 755 3729 servis,
776 3666 851 3737 quod
869 3667 961 3738 aliqua
975 3669 1004 3719 in
1019 3685 1047 3719 re
1063 3668 1234 3739 deliquisset,
1252 3672 1308 3723 mi-

215 3753 326 3807 serrime
348 3746 526 3799 interfecisse.
571 3740 669 3791 Statim
690 3740 782 3807 itaque
800 3735 924 3790 adductis
944 3738 1059 3790 habenis
1077 3756 1177 3809 equum
1197 3742 1308 3804 sistens,

214 3820 380 3883 homicidam
390 3819 420 3869 in
434 3815 554 3867 medium
565 3808 702 3880 producit,
719 3816 848 3877 tanquam
862 3809 901 3860 ias
915 3826 972 3861 non
987 3817 1059 3861 esset
1068 3811 1203 3879 proelium
1219 3811 1307 3874 odire,

215 3893 270 3948 alsi
296 3889 378 3943 caede
403 3888 517 3956 expiata.
559 3885 741 3949 Interrogatus
765 3895 827 3949 ergo
851 3879 886 3930 ab
906 3896 938 3932 eo
954 3880 1098 3945 barbarus,
1123 3897 1184 3932 cum
1205 3881 1308 3934 factum

215 3962 347 4022 fateretur
360 3973 451 4028 nequc
467 3956 572 4010 inficias
591 3953 658 4013 iret,
683 3951 764 4000 immo
780 3966 795 4000 c
811 3952 946 4003 contrario
961 3959 1107 4015 assereret,
1130 3950 1245 4004 liberam
1256 3953 1308 4005 do.

215 4032 298 4085 minis
318 4045 377 4082 esse
396 4034 559 4097 potestatem
575 4020 610 4073 de
629 4020 712 4072 servis
730 4020 786 4072 suis
802 4037 853 4090 pro
873 4038 921 4073 suo
939 4022 1054 4075 arbitrio
1068 4021 1250 4088 deccmendi,
1274 4029 1307 4074 ut

217 4112 246 4155 et
261 4101 309 4153 alii
325 4100 440 4160 scirent,
458 4099 513 4151 nisi
527 4094 648 4149 officium
663 4091 796 4152 facerent,
814 4091 941 4144 similiter
954 4109 1045 4145 secum
1060 4093 1212 4146 catamiti:
1243 4110 1306 4145 cum

218 4173 313 4252 itaque
332 4167 418 4226 ueluti
434 4167 511 4223 nulla
530 4161 621 4219 caedis
639 4168 813 4235 perpetratae
831 4162 1013 4234 poenitudine
1031 4161 1148 4227 dactus,
1176 4165 1305 4235 pervicax
