2738 4816
245 277 283 338 B.
312 272 504 340 mettin
533 271 753 339 DEDICATIO
780 274 995 341 Nomou.
1052 279 1161 390 JKXXV
1228 288 1232 299 ’
1299 282 1312 302 ’

103 425 256 511 quoddam,
286 429 362 491 luade
383 453 403 490 a
422 449 471 491 mc
498 429 588 490 luascc
612 449 731 506 aoros,
765 442 840 512 post
865 429 984 493 editum
1005 433 1040 494 in
1060 433 1161 494 lucem

101 529 247 607 Agatluiam
268 540 378 602 natas,
400 549 497 612 eoque
516 528 685 611 praecipue
707 531 840 592 consilio
859 543 912 593 tuo
925 525 1047 594 nomini
1060 533 1160 593 desti·

99 637 190 699 uatus,
216 638 250 687 ut
272 647 425 688 summum
446 640 533 689 tuum
562 646 636 706 erga
665 627 808 690 literatos
837 630 997 706 studium,
1027 645 1057 694 et
1083 633 1175 710 iusi·¹

97 743 155 802 gaes
177 725 307 786 uirtutes
333 738 425 800 tuas,
456 747 535 810 quae
558 739 588 788 te
608 727 751 790 omnibus
776 727 995 793 admirabilem
1018 731 1159 794 reddunt

95 823 194 903 pariter
208 837 237 886 et
259 825 443 904 amabilem,
465 825 585 887 exteris
604 826 698 886 etiam
721 822 898 890 homiuibus
910 827 1040 911 saciant
1057 841 1159 892 notas.
1198 901 1201 907 ι

158 908 234 984 Beue
254 923 347 1003 eale,
388 926 529 988 nobiliss.
561 925 814 1008 amplissimoque
842 929 914 1008 uir,
944 942 976 991 et
1001 930 1050 992 rei
1085 929 1158 993 titess

96 1020 180 1080 uariae
192 1023 293 1102 magis
309 1043 347 1084 ac
365 1026 464 1104 magis
479 1023 568 1106 fave.
610 1023 686 1086 Erit
714 1026 773 1086 luoc
794 1026 854 1088 tibi
875 1026 1031 1111 imprimis
1057 1028 1158 1090 luouo·
1190 1064 1195 1072 ·

97 1115 215 1195 raficum,
239 1131 271 1180 et
293 1119 440 1202 Respuit.
454 1123 602 1189 salutare.
645 1121 795 1204 Lugduni
816 1127 1021 1192 Batauorum.
1063 1127 1156 1189 Auno

48 1257 52 1260 .
94 1209 201 1317 Domini
219 1218 402 1287 MDXCIV.

498 1335 672 1420 Dignitatis
692 1349 763 1400 tuac
785 1339 1031 1401 studiosissimus

822 1437 898 1500 Bos.
920 1437 1112 1501 Vmcsrrns.
1147 1522 1154 1534 l

500 1574 710 1598 t--u-—t-o

247 1743 587 1822 CANDIDO
631 1744 979 1827 LECTORI.

150 1919 252 1986 Amos
272 1934 321 1987 cst
341 1910 469 2010 integer
489 1925 580 2009 quod
600 1925 757 2013 Agathias·
769 1926 825 1988 hic
846 1945 937 1988 meus
966 1943 1079 2009 graece
1104 1930 1152 1986 est

92 2035 220 2100 excusus,
256 2044 365 2107 neque
394 2026 496 2087 multo
517 2025 623 2087 minus
644 2026 732 2108 quod
751 2034 783 2088 et
803 2025 932 2088 latinus.
973 2024 1024 2086 Ad
1059 2044 1151 2108 grae-

95 2135 146 2178 cam
164 2123 336 2186 editionem
358 2145 433 2188 usae
450 2136 524 2187 sunt
544 2146 660 2209 operae
677 2126 926 2211 typographicae
947 2125 1059 2188 codice
1077 2144 1150 2186 meo

93 2223 176 2281 vetere
194 2222 431 2306 manuscripto,
462 2244 558 2307 quem
585 2233 717 2309 propter
736 2225 954 2290 valetudinem
980 2233 1047 2285 tum
1067 2232 1150 2286 tem-

93 2316 158 2390 poris
177 2319 428 2400 incommodam,
450 2322 593 2406 aliasque
615 2324 711 2386 iustas
734 2324 775 2385 ob
796 2345 916 2401 causas,
937 2322 1149 2413 transcribere

93 2426 138 2486 nec
150 2414 234 2479 licuit
251 2440 313 2482 nec
333 2419 439 2483 libuit.
461 2422 535 2500 Quo
551 2423 670 2484 factum
685 2431 782 2485 estut
801 2432 929 2507 praeter
944 2421 1019 2485 vitia
1039 2440 1149 2485 exem·

93 2506 169 2586 pluris
189 2540 271 2601 quae
289 2519 439 2582 consulto
455 2520 500 2582 ita
522 2522 744 2606 reliqueram,
765 2523 854 2606 quod
877 2536 987 2585 eorum
1014 2519 1148 2604 castiga·

93 2602 188 2676 tionem
205 2617 290 2680 notis
317 2617 395 2682 meis
419 2640 625 2699 reservarem,
643 2622 836 2685 accesserint
854 2622 950 2684 etism
972 2620 1036 2682 alia
1055 2639 1148 2684 men-

95 2701 124 2764 (lt
134 2716 363 2801 typographica,
386 2718 428 2780 ob
447 2719 654 2782 insolentiam
671 2720 864 2784 characteris
889 2720 944 2784 cui
958 2741 1023 2782 non
1042 2739 1147 2782 assue-

93 2820 182 2876 verant
202 2839 329 2901 operae.
349 2813 442 2880 ‘Cum
457 2840 534 2882 vero
549 2819 613 2882 ism
632 2821 673 2883 ad
687 2820 901 2905 colophonem
914 2818 1146 2904 propemodum
1165 2866 1167 2873 s
1197 2825 1205 2842 '

91 2908 216 2982 pertus,
238 2925 322 2983 esset
337 2917 433 2982 etiam
449 2918 548 2980 latina
569 2941 639 2982 mea
665 2921 780 2998 versio,
808 2919 898 2980 venit
911 2916 991 2978 mihi
1004 2917 1038 2978 in
1053 2937 1146 2978 men.

92 3007 142 3067 tem
159 3017 276 3079 audisse
294 3039 345 3080 me
362 3018 537 3100 aliquando
557 3017 712 3080 Coloniae
738 3041 756 3078 a
775 3016 974 3081 nobilissimo
1002 3014 1145 3078 doctissi-

91 3116 184 3194 meque
210 3115 267 3178 fel.
295 3126 388 3182 mem.
414 3116 494 3196 uiro,
512 3118 551 3178 D.
576 3115 701 3177 Thomu
727 3115 905 3199 Redigero,
943 3115 1088 3177 datnma
1110 3133 1144 3176 se

91 3199 192 3273 cuidam
212 3214 629 3298 negotium'transcribendi
647 3214 813 3300 aquodam
827 3214 937 3280 Italiae
947 3212 1145 3277 Bibliotheca
1200 3204 1204 3213 ⁴

90 3292 217 3381 Assume
243 3300 428 3388 historiam
459 3299 548 3398 qnod
568 3315 701 3399 quidem
723 3337 796 3378 cum
821 3314 1007 3378 iamdudum
1032 3315 1076 3398 ita
1100 3315 1144 3375 la·

91 3404 159 3469 tium
180 3413 276 3476 fuisse
297 3414 393 3498 plane
419 3415 500 3495 mihi
527 3415 773 3500 persensissem,
794 3414 867 3478 misi
892 3415 1057 3500 exemplar
1079 3414 1144 3475 mei

88 3492 218 3580 lsathiae
252 3508 367 3596 graece
401 3513 510 3577 excusi
541 3515 582 3577 ad
609 3515 660 3583 Cl.
686 3516 727 3580 V.
755 3514 909 3580 Iacobum
939 3512 1142 3589 Manavium,

88 3609 235 3696 rogavique
253 3632 310 3696 per
329 3613 437 3676 literas
449 3622 486 3676 nt
505 3613 590 3679 illud
603 3636 677 3677 cum
698 3613 916 3697 manuscripto
936 3611 1046 3675 codice
1058 3611 1146 3692 Aga-

62 3688 171 3787 diuise,
194 3732 293 3794 quem
324 3714 456 3776 omnino
480 3713 689 3780 Vratislaviae
716 3712 967 3795 invbibliotheca
993 3709 1044 3772 ΙΙΙ.
1072 3709 1143 3774 DD.
1216 3767 1233 3796 l

86 3785 292 3899 'Redigerorum
309 3823 432 3876 exstare
450 3814 615 3900 putabam,
633 3815 774 3878 conferri
794 3812 930 3878 curaret.
952 3808 1049 3890 Quod
1070 3829 1146 3870 cum

85 3887 129 4001 lle
147 3927 199 3990 pro
217 3909 372 3994 singulari
395 3935 454 3976 suo
475 3914 509 3975 in
535 3935 604 3976 rem
623 3914 798 3977 literarium
828 3911 934 3976 studio
950 3908 1145 3971 inserere
1177 3942 1179 3945 v

86 4003 183 4092 instet,
217 4011 503 4098 spopondissetque
530 4023 714 4077 curaturum
746 4035 779 4076 se
809 4020 846 4072 ut
874 4007 1024 4092 petitioni
1053 4024 1144 4066 meae

87 4096 188 4168 Prolixe
211 4107 390 4192 satisfieret,
421 4114 613 4196 simulatque
636 4113 816 4197 praefectus
842 4107 1057 4171 bibliothecae
1085 4099 1145 4183 qui

87 4191 138 4260 lim
151 4226 278 4294 peregre
294 4220 361 4289 erat
375 4211 502 4283 domum
518 4214 684 4286 rediisset:
707 4211 897 4298 significavit
911 4207 1040 4272 tandem
1057 4201 1143 4267 mul·
