2738 4816
179 248 183 255 ·
231 209 288 312 ad
597 330 598 333 Ν
667 233 876 300 acturae

1 419 2 424 ¹
89 390 353 456 temerentur
372 386 507 470 κινήσει,
535 385 728 472 ἐτεθήπεσαν
748 386 784 450 δέ
805 379 890 466 ὅμως
911 382 1156 470 ύμφιγνοούντες
1175 379 1215 448 τὰ
1237 383 1307 447 duri-v

124 462 174 533 1²⁴I'
185 463 219 515 ²6
228 514 327 573 μενα,
369 490 423 551 καί
448 486 484 551 τό
514 480 714 571 ἀστάθμητον
739 482 873 561 δεδιότες
899 486 953 569 τῆς
973 482 1087 568 τύχης,
1130 481 1309 570 μετεώρους

230 613 266 654 τε
286 592 341 653 καί
356 585 553 673 ἀμφιβόλους
572 581 659 669 εἶχον
681 584 739 662 τός
760 583 903 669 γνώμας,
923 585 1165 671 καραδοκοῦντες
1182 585 1243 664 μὲν
1260 585 1312 646 κατ’

201 684 513 767 Βδιαπυνδανόμενοι
532 683 573 751 τύ
589 685 771 768 ποιούμενα,
792 683 1010 769 βουλευόμενοι
1029 685 1066 748 δὲ
1082 685 1145 748 τῶν
1161 682 1319 770 κρατούνι

207 848 208 851 ,
230 810 292 851 των
311 786 468 869 γενέσθαι.
496 780 526 848 οἱ
545 786 580 847 δέ
597 785 659 851 τεόν
675 778 791 870 ἑτέραν
809 785 954 869 πρέσβεις
968 777 1166 870 ἀφικόμενοι,
1186 784 1221 858 ές
1239 772 1329 863 όψινό

230 909 263 950 τε
283 886 326 971 τῷ
347 883 475 969 ἡγεμόνι
494 880 702 959 καταστάντες
731 887 786 948 καί
805 879 905 949 ἅπασι
936 890 1002 958 τοῖς
1023 885 1057 948 έν
1077 885 1168 964 τέλει,
1189 883 1332 946 ἐδέοντο

230 984 275 1070 μή
295 986 381 1071 σφᾶς
401 986 552 1070 περιϊδεῖν
570 981 631 1047 eni
656 982 828 1066 Ῥωμαιλυν
847 985 1064 1066 πιεζομένους,
1098 984 1313 1065 συλλαβέσθαι

231 1086 268 1151 δὲ
287 1088 405 1166 μᾶλλον
425 1085 483 1147 τοῦ
502 1077 629 1165 ἆμῶνος,
647 1086 703 1147 κατ’
720 1068 976 1159 ἀνακαλέσασθαι
986 1087 1078 1166 ’γένος
1095 1080 1265 1169 πρόσσικόν
1282 1105 1315 1145 τε

232 1180 287 1247 καί
304 1183 408 1268 φίλιον
423 1184 477 1246 καί
499 1173 598 1268 όρδην
619 1179 804 1268 οἰχήσεσθαι
822 1174 1014 1248 κινδυνεύόντ
1030 1181 1200 1247 ἐδίδασκον
1217 1182 1255 1246 δὲ
1273 1178 1314 1254 ὥς

233 1283 288 1347 καί
300 1274 409 1356 αύτοῖς
424 1283 457 1357 ές
471 1279 664 1363 τόμόλιστα
679 1280 831 1365 συνοίσει,
850 1282 895 1366 μή
920 1285 1046 1368 ἐφιέναι
1069 1278 1247 1364 Ῥωμαίοις
1263 1280 1342 1346 έπιῚ

232 1383 314 1463 μέγα
330 1377 493 1464 δυνάμεως
510 1382 706 1466 αἰρομένοις,
738 1380 819 1448 ἀλλὰ
835 1380 937 1446 παντί·
955 1383 1060 1447 σθένει
1075 1378 1131 1467 τήν
1148 1372 1248 1465 αύξην
1265 1406 1315 1446 κο-

194 1536 195 1540 ,
232 1478 354 1545 λούειν·
386 1483 438 1562 „rt
450 1478 511 1565 γύρ
537 1474 623 1546 ύπαν
638 1478 674 1544 τό
691 1484 722 1546 Γ
721 1479 848 1546 οτθικόν
864 1475 1106 1564 μένοςέκποδύν
1120 1479 1315 1564 ποιήσονται,

233 1573 292 1642 ούκ
316 1579 349 1655 ές
370 1577 516 1665 μακρύν”
539 1576 663 1664 ἔφασαν
684 1578 715 1644 οἱ
737 1582 883 1666 πρέσβεις
906 1577 985 1660 ,,και“
1004 1583 1078 1643 καθ’
1095 1573 1184 1660 ύμῶν
1208 1579 1316 1644 odaria

230 1672 352 1761 ἥξουσι,
372 1676 427 1741 καί
440 1672 672 1742 οἷνανεύσονται
684 1676 760 1754 τούς
777 1681 950 1766 προτέρους
968 1681 1132 1758 πολέμους.
1160 1678 1316 1762 ἐπιλείψει

232 1775 294 1862 γόρ
312 1770 428 1852 αύτούς
444 1771 513 1840 τύδ’
528 1774 704 1842 ὁπωστιοῦν
721 1771 924 1864 εύπρόσαπος
951 1778 1038 1843 αἰτία
1054 1779 1092 1853 ές·
1103 1772 1348 1864 προκύλυμμαιό

203 1880 286 1962 οτής
299 1863 493 1958 πλεονεξίας,
505 1871 586 1941 data
602 1875 662 1943 σύν
682 1875 751 1964 δίκῃ
770 1900 805 1961 με
819 1876 904 1958 ύμιῖς
919 1874 1047 1953 δόξουσι
1062 1880 1216 1960 μετιέναι,
1241 1881 1318 1942 Μα-

233 1973 323 2060 ρίους
340 1973 494 2051 τινόςκαί
505 1974 701 2058 Καμιλλους,
724 1974 778 2040 καί
794 1977 856 2053 τεόν
873 1973 1047 2062 Καισάρων
1062 1972 1137 2050 τούς
1156 1973 1318 2050 πλείστους

232 2073 519 2160 ἄπαριθμούμενυι,
542 2075 586 2150 ὥς
606 2072 644 2160 δή
656 2071 765 2139 πύλαι
783 2078 859 2140 ποτὲ
877 2083 943 2152 τοῖς
958 2066 1022 2140 rivo
1038 2077 1213 2160 Γερμανοῖς
1229 2079 1319 2138 πυλε-

232 2175 408 2259 μήσαντας,
440 2177 495 2238 καί
514 2172 554 2239 τό
572 2174 650 2262 ύπὲρ
673 2175 788 2260 Ῥῆνον
811 2170 931 2240 ἅπαντα
951 2172 1181 2257 κατασχόντας·
1217 2172 1317 2261 ταύτῃ

224 2296 267 2338 τε
289 2266 324 2338 ού
344 2271 515 2356 βιάζεσθαι
535 2271 699 2358 δόξουσιν,
719 2273 789 2340 ἀλλ’
806 2273 902 2351 όσίοις
921 2273 1175 2360 ἐπιστρατεύειν,
1198 2269 1242 2350 oie
1263 2266 1351 2335 ‹ad-20

302 2395 330 2449 6.
346 2408 376 2446 τε
394 2396 497 2446 omittit
508 2397 571 2447 Bav.
654 2400 680 2452 8.
699 2393 863 2467 πρόσοικόν
873 2409 903 2448 τε
920 2396 968 2446 καὶ
988 2394 1089 2464 φίλιον
1101 2394 1150 2444 καὶ
1164 2394 1193 2443 ii.
1209 2393 1319 2454 etBav.,

302 2463 465 2534 πρόσοικον
480 2468 529 2518 καὶ
543 2461 650 2535 φιλικὰ
662 2466 733 2536 vulg.
808 2485 849 2526 ro.
862 2464 959 2523 usitate
972 2495 1007 2506 -
1023 2467 1153 2517 συνοίσει
1170 2463 1199 2513 h.
1215 2470 1244 2513 et
1258 2464 1320 2513 Bar.

305 2542 333 2585 et
350 2537 390 2587 sie
403 2536 596 2588 emendaverat
609 2537 696 2605 Toup.
713 2535 748 2588 ad
765 2536 841 2590 Suid.
861 2539 880 2588 I.
895 2555 921 2606 p.
934 2537 985 2598 58,
1003 2524 1110 2591 αὐτούς
1126 2562 1157 2575 -
1173 2537 1320 2586 συνοίσειν

304 2606 376 2675 vulg.
449 2624 488 2658 rr.
505 2606 618 2680 μεγάλα
633 2609 695 2658 har.
767 2603 1321 2674 uuideraSuid.s.v.u1i?11,quodpia-

302 2677 477 2747 eetToupio.
551 2681 588 2733 1³.
601 2678 736 2748 ἔφθασαν
748 2679 808 2730 Bav.
883 2679 922 2747 ιή.
937 2674 1143 2741 ἐπιλήψειΒαν.
1216 2677 1259 2731 ι5.
1273 2671 1321 2724 εύ-

301 2746 416 2816 τρόπως
429 2749 491 2804 Bav,
573 2747 603 2806 ἐς
616 2747 812 2819 προκάλυμμα
826 2749 854 2799 R.
870 2757 899 2801 et
910 2750 987 2809 bar„
1006 2743 1234 2815 εύπροκόλομμα
1249 2745 1320 2813 vulg.

305 2819 344 2870 16.
358 2832 393 2889 με
405 2834 457 2869 om.
466 2819 528 2871 bar.
596 2837 638 2874 ao.
648 2815 684 2871 ού
699 2817 1036 2889 βιόζεσοαιλλπαρλπιρδ.
1046 2820 1117 2880 Rau,
1127 2807 1158 2886 εδ
1169 2816 1238 2884 βαλζ.
1249 2815 1321 2884 vulg.

233 2949 323 2994 tamen
342 2946 433 3006 erant,
462 2939 497 2993 de
516 2947 616 2994 eventu
634 2939 791 2992 dubitantes
819 2947 847 3004 et
864 2940 990 2993 fortunae
1007 2937 1216 2991 instabilitatem
1233 2936 1321 3004 perti·

232 3020 398 3074 marcentes,
436 3019 464 3064 et
489 3010 628 3081 suspensis
652 3009 800 3080 dubiisque
818 3011 916 3064 animis
943 3009 1125 3062 observabunt
1143 3007 1321 3065 sciscitaban-

233 3089 334 3150 turque
359 3082 427 3150 quid
452 3090 590 3150 ageretur,
628 3088 779 3134 statuentes
808 3082 858 3143 iis,
894 3083 942 3150 qui
965 3082 1087 3149 potiores
1113 3078 1320 3149 superioresque

235 3158 340 3211 essent,
366 3167 424 3201 sese
442 3151 596 3221 adiungere.
633 3150 755 3203 Aliorum
771 3169 834 3205 vero
850 3161 970 3205 oratores
990 3167 1050 3205 curn
1069 3153 1100 3202 in
1115 3151 1184 3217 regis
1205 3165 1321 3218 conspe-

235 3229 308 3271 ctum
325 3222 465 3293 venissent
482 3228 510 3272 et
531 3222 651 3273 omnium
669 3224 817 3290 primorum
841 3225 931 3290 regni,
952 3220 1080 3283 orabant,
1102 3238 1137 3271 ne
1156 3236 1215 3270 sese
1234 3236 1250 3269 a
1270 3222 1322 3270 uo-

234 3293 323 3341 manis'
340 3302 482 3358 oppressos
503 3291 688 3359 despicerent;
725 3293 774 3343 sed
793 3293 892 3344 sociale
916 3308 976 3342 cum
995 3292 1061 3359 ipsis
1080 3290 1182 3341 bellum
1201 3291 1323 3358 suscipe-

188 3425 191 3431 *
234 3369 305 3421 rent,
324 3368 351 3410 et
371 3362 446 3428 genti
465 3362 597 3413 finitimae
617 3369 698 3432 atque
716 3363 819 3413 amicae
838 3363 976 3429 suppetias
994 3363 1106 3423 ferrent,
1126 3378 1196 3430 quae
1208 3358 1323 3429 ‘alioqui

236 3431 266 3482 in
294 3431 451 3482 discrimine
470 3440 527 3483 erat
555 3449 591 3483 ne
615 3430 739 3483 funditus
763 3441 937 3486 everteretur.
976 3432 1165 3484 Ostendebant
1181 3440 1323 3499 praeterea

235 3501 289 3552 hoc
310 3502 393 3553 etiam
411 3518 445 3552 ex
462 3503 573 3553 illorum
589 3519 618 3552 re
636 3503 753 3551 maxime
772 3503 905 3565 futurum,
934 3506 956 3555 ai
974 3520 1030 3555 non
1050 3509 1209 3571 paterentur
1225 3505 1323 3553 Rorna-

234 3589 286 3623 nos
307 3573 342 3624 ad
362 3579 465 3623 tantam
483 3574 635 3641 potentiam
653 3572 748 3635 evehi,
778 3573 826 3625 sed
842 3575 939 3644 vpotius
963 3574 1089 3626 omnibus
1106 3572 1210 3623 viribus
1231 3589 1324 3625 eorum

153 3666 155 3671 .
235 3642 404 3695 incremento
429 3641 572 3694 officerent.
617 3642 646 3692 Si
674 3644 746 3693 enim
772 3645 923 3697 universam
952 3654 1059 3714 gentem
1082 3641 1227 3694 Gothicam
1248 3641 1324 3694 deie-

235 3715 339 3776 verint,
373 3714 464 3762 statim
482 3714 565 3764 etiam
583 3713 612 3764 iu
631 3728 693 3776 vos,
730 3712 859 3766 dicebant
884 3724 1021 3776 oratores,
1055 3715 1204 3765 exercitum
1222 3712 1325 3764 ducent

236 3790 265 3833 et
283 3783 397 3851 pristina
414 3782 488 3834 heila
508 3783 705 3835 instaurabunt.
736 3783 832 3856 Neque
850 3788 923 3837 enirn
939 3787 996 3836 illis
1013 3792 1054 3836 est
1070 3785 1199 3836 defutura
1217 3785 1326 3852 specio-

236 3868 265 3902 aa
284 3854 376 3923 aliqua
398 3870 488 3914 causa,
508 3871 587 3925 quana
607 3855 734 3906 avaritiae
754 3873 818 3909 suae
836 3864 1010 3924 praetexant:
1027 3855 1095 3925 quin
1112 3855 1204 3921 potius
1223 3856 1326 3905 iustum

235 3938 295 3974 sese
312 3921 388 3974 vobis
407 3924 508 3976 inferre
526 3925 629 3976 bellum
647 3925 802 3993 putabunt,
829 3927 929 3978 Marios
949 3925 1079 3994 quosdam
1102 3932 1135 3976 et¹
1147 3925 1279 3976 Camillus
1298 3931 1326 3976 et

237 3992 380 4044 Caesarum
406 3996 551 4065 plerosque
581 4005 767 4057 recensentes,
805 3997 852 4065 qui
881 3999 946 4064 olim
973 3994 1047 4046 bella
1071 3995 1197 4046 adversus
1221 3997 1326 4063 priscos

237 4062 386 4117 Germanos
402 4075 556 4132 gesserunt,
576 4074 604 4117 et
619 4075 691 4118 trans
707 4066 829 4116 Rhenum
848 4069 973 4118 universa
990 4074 1170 4134 occuparunt:
1196 4065 1325 4134 quocirca

237 4150 293 4185 non
311 4136 365 4185 vim
384 4136 490 4187 illaturi
505 4134 689 4196 videbuntur,
718 4136 766 4186 sed
784 4137 883 4186 iustum
910 4136 1013 4188 bellum
1041 4152 1166 4197 movere,
1196 4144 1326 4207 tanquam

236 4203 310 4259 nihil
326 4204 445 4262 alienum
466 4206 627 4282 quaesituri,
663 4206 711 4258 sed
728 4209 859 4260 maiorum
879 4224 988 4263 auorum
1006 4208 1191 4277 possessiones
1209 4223 1325 4276 recupe-
