2730 4816
393 233 676 302 tauromenum
705 242 745 303 11.
766 245 798 307 2.
1091 217 1145 329 67

83 386 207 474 τῇἀμφ’
232 383 330 452 αύτόν
344 386 481 468 δυνάμει
504 386 604 467 εὐθὺς
619 391 792 478 ἀπεχώρει,
821 393 878 456 καί
894 391 938 470 ἀς
954 386 994 459 ἀν
1008 394 1217 482 dcccii-An.
1228 415 1277 468 553
1292 435 1299 471 1

81 510 165 551 οτατα
180 482 238 571 τὴν
255 484 341 551 λείαν
356 488 522 575 διακομύτῃ
537 488 686 573 ἠπείγετο,
695 493 939 574 βεβουλευμένον
957 487 1248 582 aesomnes-1¹¹⁴)
1266 534 1272 541 -

78 581 128 649 δύν
150 581 257 649 οἴκαδε
273 587 394 670 ἵκηται,
425 585 492 652 τότε
513 585 551 673 δὴ
571 587 670 666 εὐθύς
691 587 733 667 ἀς
749 589 804 657 τὸν
824 578 961 676 ἀδελφὸν
984 600 1103 658 στεῖλαι
1117 593 1152 660 τὸ

2 682 7 687 ’
77 681 249 770 στράτευμα
270 684 502 768 ξυλληψόμενον
525 687 609 776 αύτῷ
626 689 680 752 τού
696 690 853 756 κινδύνου.
875 689 944 753 ἀλλ’
959 681 1030 756 orire
1047 694 1154 783 ἐκείνῳ

63 783 105 862 5ἐς
116 788 203 859 τέλος
216 783 317 868 ἀπέβη
334 782 373 849 τοὶ
393 786 578 869 δοκηθέντα,
607 788 649 875 τῷ
665 811 698 852 τε
721 789 848 876 ἀδελφῷ
864 787 901 852 ού
921 788 1009 869 μύλα
1025 783 1155 876 ἤρκεσεν

78 883 237 963 ἐπαμῦναι
264 873 324 966 ἤδη
339 881 398 968 γὰρ
411 884 496 972 αύτῷ
508 882 569 950 circi
581 884 637 970 τὴν
651 884 751 972 αὐτὴν
768 886 896 973 πορείαν
908 889 1186 978 ἐπανερχομένφ,Β

77 981 166 1065 μέχρι
184 982 246 1062 μὲν
264 982 409 1065 Πικηνού
428 985 484 1068 τῆς
502 984 608 1069 χώρας
636 983 771 1050 ούδενύτι
789 980 955 1051 ἀντύιαλον
969 989 1155 1073 ξυνηνέχθη.

78 1077 115 1154 cic
132 1081 168 1145 δὲ
184 1081 325 1144 ἐνταῦθα
342 1077 405 1168 ὁδῷ
416 1078 473 1147 ἰών
490 1079 633 1166 ἐγεγόνει,
648 1082 740 1160 αύτός
753 1086 813 1165 μὲν
829 1086 903 1170 περί
922 1082 978 1170 τὴν
1002 1087 1108 1151 Φάναν
1123 1075 1158 1152 ἐ.
1253 1116 1256 1122 ν

79 1178 328 1264 στρατοπεδεύετο
340 1177 398 1264 τὴν
413 1179 511 1246 πόλιν.
531 1179 653 1246 ἔστελλε
672 1181 822 1264 eccesie,
831 1177 935 1270 ὥσπερ
950 1182 1066 1266 εἰώθει,
1079 1207 1157 1270 πρυ-

55 1273 219 1363 ιυφύλακας
237 1275 294 1342 καί
317 1281 482 1365 διοπτῆρας
498 1272 617 1365 ἀνδρας
640 1282 672 1357 ἐς
687 1280 897 1367 τρισχιλίους,
927 1281 965 1346 οὐ
976 1279 1073 1363 μόνον
1088 1284 1160 1347 ἐπι-

81 1379 286 1460 σκεψομένους
303 1374 342 1442 τύ
355 1378 471 1463 πρόσω,
492 1376 580 1442 ἀλλά.
591 1376 650 1465 γὰρ
665 1383 735 1460 καί,
756 1375 847 1442 εἵπου
861 1380 1005 1461 πολέμιοι
1021 1389 1162 1467 φανεῖεν,

82 1473 321 1556 ἀμυνουμένους.
358 1476 558 1564 Ἀρταβάνης
576 1480 683 1542 δὲκαὶ
699 1469 830 1560 Ούλδαχ
849 1475 866 1542 ὁ
882 1473 1010 1561 θύννος,
1026 1477 1162 1562 ἐτύγχα-

39 1609 40 1615 1
83 1595 128 1638 νον
142 1570 204 1659 χοὶρ
225 1567 294 1654 ἅμα
316 1574 523 1662 στρατεύματι
544 1575 715 1663 Ῥωμαϊκῷ
731 1599 766 1638 τε
784 1577 840 1639 καί
864 1575 1006 1664 Ούννικῷ
1029 1579 1074 1653 εἰς
1096 1579 1164 1663 Ht'-¹

85 1694 194 1759 σαυρον
214 1669 272 1758 τὴν
298 1673 390 1740 πόλιν
413 1676 640 1757 ξυνειλεγμένοι
663 1676 718 1739 καί
736 1676 955 1760 ἐφεδρεύοντες
971 1677 1011 1762 τῇ
1019 1676 1164 1762 παρόδῳ,

1 1850 12 1855 ἢ
59 1762 163 1836 πλούτει
179 1769 218 1855 δὴ
241 1762 314 1854 ούν,
342 1771 449 1857 ἐπειδὴ
468 1776 607 1851 ἐκείνους
622 1772 696 1849 τούς
716 1762 932 1859 προπορευτδις
947 1775 1118 1839 ἐθεάσαπο
1131 1775 1165 1838 ἐν

1 1874 2 1881 ’
89 1870 164 1958 αὐτῷ
185 1866 224 1954 δὴ
242 1873 287 1960 τῷ
310 1874 441 1960 αἰγιαλῷ
462 1874 519 1938 τού
541 1873 671 1938 Ἰυνικυῦ
686 1869 799 1936 κόλπου
826 1875 881 1937 καί
900 1874 939 1960 τῇ
956 1870 1089 1960 κροκύλη
1108 1896 1166 1936 πο-

89 1969 284 2053 ρευομένους,
319 1968 509 2054 ύπεκβύντες
525 1975 584 2036 τοῦ
603 1963 731 2054 ἀστεος,
760 1969 968 2055 ἐσβάλλουσιν
993 1970 1114 2055 ἀθρόον
1138 1973 1202 2046 ecc

89 2065 214 2152 αύτούς,
234 2061 272 2132 eri
286 2069 375 2153 μάλα
393 2075 667 2158 παρατεταγμένοι,
688 2073 743 2136 καί
764 2069 896 2148 πολλούς
909 2074 970 2153 μὲν
986 2079 1047 2148 τοῖς
1064 2070 1171 2156 ξίφεσι

152 2222 173 2259 r.
194 2202 234 2276 ἀμ
261 2200 380 2257 λαάτδν
396 2205 426 2257 R.
504 2200 593 2262 costr
610 2202 801 2274 ἀπεχώρει-
821 2202 919 2256 οἴκαδε
949 2205 1052 2270 ἵκηται.
1080 2204 1169 2257 Pluri-

150 2292 224 2327 mum
237 2221 268 2328 b.
288 2276 307 2326 l.
326 2275 360 2326 ab
379 2292 410 2328 ea
424 2277 583 2327 recensione
602 2293 682 2345 quam
699 2275 784 2344 Lugd.
804 2275 926 2338 exhibet,
946 2277 994 2327 illa
1011 2276 1071 2326 abit
1090 2291 1171 2343 quam

151 2347 180 2398 ll.
200 2354 229 2397 et
246 2347 329 2416 Intpr.
350 2347 512 2415 exprimunt
548 2345 615 2398 Nam
634 2347 706 2415 vulg.
734 2343 845 2414 quidem
862 2345 929 2396 hoec
954 2345 1054 2397 habet:
1082 2341 1171 2401 εδθύς

64 2455 67 2465 .
150 2414 304 2485 ἀπεχώρει,
320 2417 540 2487 βεβουλευμένον
558 2415 642 2485 αύτῷ,
659 2412 782 2468 ἐπειδᾶν
799 2415 1003 2485 ἀσφαλέστατα
1024 2410 1076 2478 τὴν
1093 2415 1171 2465 λείαν

129 2525 131 2534 .
156 2484 311 2558 διακομλση
326 2489 375 2538 καὶ
397 2484 496 2540 οἴκαδε
516 2487 628 2550 ίκητιιιε
649 2504 719 2556 quae
739 2503 789 2555 per
808 2503 837 2538 se
856 2495 989 2556 spectata,
1013 2488 1059 2537 vix
1077 2501 1172 2554 repre·
1256 2489 1257 2492 ’

152 2555 295 2609 hendeces.
349 2559 378 2608 R.
397 2566 504 2621 autem,
527 2575 610 2627 quum
633 2559 838 2627 praestantioris
870 2559 1035 2609 recensionis
1056 2557 1172 2624 vestigia

152 2635 308 2689 conservet,
336 2627 416 2698 longe
440 2629 609 2696 corruptiore
633 2627 765 2689 exbibet,
784 2627 888 2678 cunctis
906 2628 940 2678 sb
961 2625 1105 2696 ἀπεχώρει
1122 2643 1170 2676 us—

152 2715 207 2768 que
227 2698 262 2749 ad
280 2695 481 2767 ἀσφαλέστατα
505 2698 644 2750 vocabulis
664 2698 788 2760 omissis,
807 2698 868 2749 aliis
880 2699 1063 2767 transpositis:
1083 2691 1174 2751 εάθδς

152 2765 209 2833 τήν
223 2770 302 2821 λείαν
320 2767 473 2840 διακομίση
490 2765 620 2839 ἠπείγετο
641 2767 679 2826 cic
703 2763 739 2821 ἀν
757 2769 806 2818 καὶ
821 2765 918 2818 οἴκαδε
946 2771 1046 2832 ἵκηται.
1083 2769 1173 2817 Inter-

153 2857 215 2909 pres
234 2838 363 2908 denique,
382 2841 556 2909 integerrimo
574 2837 668 2890 codice
682 2855 762 2900 usus,
781 2838 840 2889 sine
859 2838 916 2888 ullo
935 2839 1032 2889 erroris
1050 2837 1173 2903 periculo

154 2911 189 2962 ad
207 2912 352 2963 veritatem
368 2908 461 2973 ducit,
488 2910 553 2962 dum
572 2911 611 2960 sic
629 2909 731 2975 vertite
745 2909 895 2962 λεπτύνειν
916 2908 1011 2974 itaque
1029 2916 1089 2958 cum
1101 2918 1173 2958 cete-

153 2982 193 3034 ris
212 2980 289 3034 circa
305 2999 333 3033 se
353 2983 441 3053 copiis
456 2979 591 3051 praedam
609 2996 713 3031 omnem
731 2996 815 3049 quam
830 2977 947 3049 primum
958 2994 1048 3030 secum
1064 2974 1174 3048 deferre

154 3050 345 3114 accelerabat,
364 3064 391 3105 ct
409 3051 516 3104 domum
531 3046 704 3103 contendere.
775 3049 798 3100 3.
818 3040 909 3105 εδθδς
935 3046 996 3098 edd.
1019 3064 1053 3098 ex
1071 3046 1100 3096 R.
1138 3045 1175 3103 oie

155 3121 204 3182 lt,
222 3121 251 3177 ἐς
269 3122 339 3191 vulg.
409 3125 435 3174 6.
454 3119 543 3185 αδτὴν
561 3122 611 3172 ins.
631 3137 671 3171 ex.
696 3119 725 3168 ll.
746 3124 775 3168 et
791 3119 875 3185 Intpr.
901 3115 997 3172 eadem
1018 3117 1077 3170 υἰα.
1150 3135 1174 3187 7.

155 3193 299 3255 Πικηνού.
325 3191 369 3244 Sic
386 3191 416 3244 ll.
432 3200 461 3243 et
478 3193 573 3261 Intpr.,
593 3190 664 3260 vulg.
682 3189 797 3253 πυκνῆς.
817 3188 895 3240 Vule.
917 3188 986 3239 coni.
1008 3187 1134 3250 Πικένης
1154 3206 1174 3238 s.

154 3264 355 3328 Πευκεντίνης.
426 3280 451 3333 9.
470 3261 580 3315 ἔστελλε
599 3262 639 3325 Β,
651 3259 758 3319 ἔστειλε
776 3258 846 3329 vulg.
904 3276 942 3312 ιο.
958 3256 1176 3329 ἀμυνουμένους

156 3330 208 3396 Cb,
227 3329 433 3406 ἀμυνομένους.
462 3335 491 3384 R.
511 3340 540 3384 et
563 3332 632 3402 vulg.
690 3327 803 3397 Ούλδαχ
821 3332 850 3381 R.
868 3336 896 3380 et
917 3332 1011 3396 Intpr.,
1032 3327 1178 3398 Οὐλδύχης

154 3403 228 3473 vulg.
283 3405 320 3458 15.
340 3393 812 3474 δύυδνΒ.ειΙ.υρ(1.,δὲούνε(1δ.
881 3403 920 3454 16.
938 3399 1068 3455 Ἰωνικοῦ
1076 3400 1106 3449 ll.
1172 3404 1174 3407 ’

93 3514 130 3571 bil
147 3520 259 3590 quidem
274 3522 380 3576 adversi
402 3522 437 3576 ad
459 3522 588 3577 Picenum
602 3536 694 3591 agrum
717 3536 805 3590 usque
820 3519 933 3571 eccidit:
952 3524 1120 3571 sumentem
1141 3531 1183 3585 eo¹

93 3604 244 3660 progressus
262 3596 449 3662 pervenisset,
467 3595 526 3663 ipse
537 3593 648 3663 quidem
666 3593 736 3643 circa
749 3592 853 3643 Fanum
866 3589 962 3641 urbem
981 3596 1073 3653 castres
1087 3593 1175 3636 metc-

96 3666 135 3711 tus
151 3669 205 3728 εει,
227 3665 331 3716 emissis
350 3667 432 3716 etiam
452 3665 556 3728 statim,
576 3680 625 3715 suo
638 3679 729 3725 more,
757 3660 977 3730 praecursoribus
997 3665 1026 3710 et
1052 3657 1176 3725 specula-

93 3731 194 3783 toribus
212 3733 248 3785 ad
265 3736 318 3785 tria
336 3735 477 3787 hominum
495 3736 597 3797 millia,
617 3733 665 3802 qui
684 3750 740 3783 non
751 3733 839 3784 solum
852 3731 987 3783 anteriora
1000 3728 1059 3779 loca
1077 3728 1176 3796 explo-

94 3812 194 3864 rarent,
209 3804 274 3867 sed,
292 3805 380 3857 sicubi
398 3805 491 3857 hostes
509 3811 712 3873 comparerent,
735 3803 922 3871 profligarent:
942 3798 1090 3850 Artabanes
1107 3815 1140 3850 ve
1150 3815 1182 3848 ro

95 3874 122 3917 ct
138 3869 239 3923 Uldsch
264 3875 312 3925 ille
337 3876 461 3938 Eurinus,
487 3878 607 3946 quicum
625 3876 745 3924 exercitu
761 3875 879 3924 Romano
891 3871 992 3939 pariter
1007 3869 1126 3919 etHunn
1138 3871 1182 3919 ico
1203 3850 1211 3889 δ

96 3937 128 3988 ad
142 3939 282 3991 Pisaurum
293 3945 389 4000 urbem
404 3947 517 3998 collecti
539 3953 635 4006 erant,
657 3944 767 3995 insidiis
783 3945 815 3993 in
834 3941 949 3992 transitu
965 3940 1124 4002 collocetis,
1143 3937 1183 3999 bi,

97 4006 221 4077 inquam,
239 4026 425 4079 praecursores
439 4017 502 4068 illos
517 4016 687 4086 conspicati,
702 4016 733 4066 in
752 4015 813 4081 ipso
836 4011 924 4061 Ionici
942 4011 1018 4062 sinus
1039 4011 1136 4060 littore
1156 4014 1186 4056 et

98 4077 237 4146 crepidine
252 4089 366 4144 euntes,
384 4085 482 4151 egressi
497 4087 585 4146 urbe,
612 4085 727 4152 acieque
737 4101 752 4132 ο
774 4085 840 4132 time
852 4081 983 4131 instructa
995 4078 1137 4129 confertim
1153 4076 1184 4126 in

100 4163 144 4205 eos
162 4150 288 4216 irruunt,
306 4169 339 4205 sc
351 4153 451 4206 multos
463 4153 575 4224 quidem
586 4153 683 4224 gladiis
700 4099 844 4208 escientes
861 4149 1020 4218 trucident5
1035 4164 1091 4202 non
1104 4146 1186 4216 pauci
