2730 4816
210 246 280 327 92,
583 272 587 282 1
648 228 856 311 seleman

72 397 277 466 Δ.ο.553τι’κα
298 391 331 456 οἳ
351 410 385 474 γε
406 389 439 464 ἐς
458 383 602 467 Κάμμας
621 382 658 447 τὸ
678 382 830 467 φρούριον
850 375 1043 465 ἀνεχάρονν.
1083 375 1210 456 βέβαιον
1227 365 1293 453 γάρ

11 481 20 490 ’“
103 483 195 551 ¹·.¹·²7
206 489 348 566 ἐπιεικῶς
363 481 403 574 ἤν
423 484 476 552 καί
489 482 698 570 ἐρυμνότατον
717 477 753 543 τά
768 475 905 562 χωρίον,
925 475 968 562 τῷ
988 475 1022 538 ἒν
1036 464 1104 558 ὄρει
1116 494 1148 536 τε
1164 472 1295 535 κεῖσθαι

129 585 335 657 versunum
359 583 415 651 καί
427 581 506 670 πρὸς
535 576 617 667 αάτῇ
635 577 673 663 δή
693 583 754 642 τιον
768 579 807 663 τῇ
829 571 1010 663 άκρωνοχίρι
1026 574 1144 656 πέτρας
1160 591 1195 633 τε
1213 567 1296 631 ἀπο-

176 684 327 767 Βτόμονς
344 683 496 749 πάντοθεν
515 679 640 762 ἀνέχειν
658 679 714 742 καί
726 667 979 759 παρατετάσθαι,
1010 666 1053 764 οἷς
1068 667 1114 752 μὴ
1133 665 1297 747 πολεμίοις
1336 696 1339 702 ·

208 777 360 870 εάὲφοδον
379 776 476 846 εἶναι.
508 779 645 859 ἐνταῦθα
665 773 702 860 dr)
723 767 781 838 adv
803 773 868 836 uide
886 768 915 835 οἱ
931 772 962 835 Γ
960 767 1052 834 ότθοι
1067 764 1318 849 ξννειλεγμὲνοιὸ

208 873 305 970 ᾤοντο
327 882 363 945 ἐν
381 880 425 965 τῷ
442 872 580 964 άσφαλεῑ
600 873 739 953 ἔσεσθαι,
760 868 816 935 καὶ
830 875 1026 955 προσχωρεῖν
1040 875 1105 942 τοῖς
1118 858 1298 944 Ῥωμαίοις

209 971 279 1044 cain
289 976 376 1059 μάλα
392 974 572 1061 ἠβούλοντο,
585 975 705 1055 μάλλον
722 974 788 1052 μὲν
796 962 854 1034 adv
870 968 925 1032 καὶ
942 968 1035 1032 παντί
1049 966 1155 1031 σθένει
1172 962 1300 1025 ἀντιτε-

207 1078 370 1158 τάξεσθαι,
387 1068 426 1162 ἦν
442 1098 490 1150 τις
506 1078 555 1140 εἰτ’
572 1069 691 1148 adroic
706 1068 759 1135 ἴοι,
779 1068 933 1154 ἐξώτρυνε
951 1064 1010 1153 γάρ
1021 1061 1141 1138 αάτοάς
1152 1064 1186 1135 ἐς
1202 1058 1300 1122 τοῦτο

209 1173 265 1240 καί
281 1175 413 1240 ἀνεκίνει
429 1168 507 1260 ἀνὴρ
523 1176 693 1260 βάρβαρος,
713 1165 746 1246 ἀς
763 1166 801 1253 dr}
820 1171 910 1254 σφῶν
925 1165 981 1231 καί
996 1161 1112 1248 ἡγεῖτο,
1126 1158 1303 1242 Ῥάγναρις

209 1266 319 1355 ὄνομα,
335 1270 439 1336 καίτοι
453 1266 491 1335 ori
492 1297 515 1355 χ
530 1268 682 1355 ὁμογενὴς
696 1269 803 1344 αὐτοῖς
818 1267 961 1353 ὑπῆρχεν
977 1259 1052 1328 οὐδὲ
1069 1257 1240 1344 ὁμόφυλος.
1261 1249 1341 1340 ἦνιο

209 1369 270 1456 γάρ
288 1373 402 1448 ἐκεῖνος
412 1366 693 1456 ἐν’τῶνΒιττάρων
703 1369 912 1449 καλουμένων,
929 1368 942 1451 (
947 1358 1098 1430 Οάννικάν
1112 1361 1147 1423 δὲ
1160 1355 1197 1420 τὸ
1206 1352 1303 1429 ἔθνος

211 1467 240 1533 οἱ
248 1471 422 1557 Βάτορες,)
438 1467 517 1534 ἀλλά
530 1471 575 1557 τῷ
586 1465 687 1544 δεινὸς
703 1469 736 1542 ἐς
749 1465 788 1530 τά
805 1464 946 1546 μάλιστα
959 1456 1041 1528 εἶναι
1055 1458 1110 1525 καὶ
1124 1452 1304 1539 πανουργό-

134 1585 317 1648 Ρ.5οτατος,
333 1566 390 1632 καὶ
410 1560 472 1646 οἷος
495 1562 556 1655 desp
583 1565 621 1653 δὴ
645 1563 746 1655 τράπιρ
774 1563 909 1645 δύναμιν
924 1556 1025 1649 ἑαυτῷ
1044 1555 1306 1643 περιβάλλεσθαι,

208 1667 333 1754 ἐκράτει
346 1690 380 1732 τε
396 1670 453 1731 τοῦ
467 1666 579 1749 ὅμιλον
590 1663 644 1729 καὶ
652 1665 888 1747 ἀναμαχεῖσθαι
904 1665 1062 1738 διενοεῖτο,
1077 1652 1120 1733 ὥς
1136 1647 1174 1718 ἀν
1192 1653 1305 1718 ε’νθὲν-

209 1765 245 1828 ἀε
258 1764 312 1841 καί
325 1766 446 1844 μάλλον
457 1763 606 1848 ἀρίδηλος
618 1764 748 1845 γένοιτο.
771 1759 872 1836 εάθάς
885 1757 924 1844 δι’]
936 1750 993 1822 οάν
1012 1755 1029 1823 ὅ
1043 1754 1174 1840 Ναρσῆς
1187 1745 1342 1822 inarum

159 1937 166 1947 ,
208 1863 254 1950 τῷ
269 1863 391 1948 στρατῷ
415 1860 464 1925 ἐνί
482 1855 598 1938 αάτοάς
621 1853 744 1946 ε’χάρει,
763 1861 819 1924 καί
842 1853 910 1923 εἶτα
930 1855 1037 1939 ἐπειδὴ
1053 1849 1140 1941 ariaci
1155 1845 1217 1932 οάχ
1235 1843 1304 1915 οἷόν

209 1981 242 2023 τε
276 1948 316 2042 ἧν
347 1960 381 2036 ἐξ
415 1959 587 2045 ἐπιδρομῆς
614 1961 658 2045 τῷ
679 1956 820 2046 φρουρίῳ
841 1954 984 2034 πελάζειν
1001 1953 1057 2019 καί
1072 1954 1116 2042 ,ἐν
1137 1944 1305 2035 δυσχωρίᾳ

202 2054 458 2127 ,διακινδυνεύειν
464 2109 475 2139 ,
494 2055 512 2122 ὅ
541 2060 577 2122 δὲ
604 2058 637 2131 ἒς
658 2057 840 2142 πολιορκίαν
859 2052 1041 2134 καθίστατο,
1069 2054 1124 2116 καί
1142 2046 1305 2120 πάντοθεν

210 2151 361 2240 ἐφρούρει
383 2153 427 2230 ὥς
447 2157 548 2240 μηδὲν
563 2153 744 2232 ὃτιοῦντοῑς
753 2152 841 2219 ἔνδον
856 2154 1071 2236 εἰσκομίζοιτο,
1079 2151 1160 2235 μηδὲ
1172 2171 1208 2231 ys
1222 2148 1304 2212 ἐκεῖ·

211 2275 260 2316 νοι
279 2246 378 2329 άιλεάς
394 2245 414 2340 ᾗ
433 2251 608 2341 βούλοιντο.
618 2250 707 2319 ἴοιεν.
728 2251 809 2325 ἀλλά
824 2251 884 2339 γάρ
912 2254 945 2317 ἐν
963 2253 1067 2316 τοῖσάε
1093 2243 1130 2312 οὗ
1152 2246 1240 2329 μάλα
1272 2242 1352 2309 oiad-

212 2345 370 2436 βάρβαροι
396 2351 612 2437 ἐπημαίνοντο.
646 2352 789 2441 ἀφθονία
813 2350 873 2439 γάρ
891 2353 1021 2438 πλειστῃ
1052 2344 1109 2436 ὅσῃ
1128 2339 1191 2439 τοῖν
1208 2340 1305 2429 άναγ-

213 2447 310 2513 καίων
323 2450 470 2536 ἐχρῶντο,
488 2453 611 2538 ἔπειπερ
630 2452 736 2528 αὐτοῖς
749 2444 810 2537 ἤδη
826 2446 953 2515 άπαντά
970 2474 1004 2514 τε
1021 2446 1059 2522 τά
1075 2441 1307 2532 ἒπιτήάειαξκαά

285 2585 307 2622 ι.
331 2569 448 2639 Capsum
465 2564 548 2637 listpr.
618 2571 641 2622 3.
668 2568 824 2640 ἀνρονυχίρ
848 2570 877 2620 ll.
957 2585 983 2636 7.
999 2566 1110 2638 μᾶλλον
1128 2563 1183 2635 μὲν
1201 2555 1255 2614 οὖν
1273 2563 1303 2612 ll.

280 2637 389 2707 Lugd,
413 2639 523 2711 μαλλον
548 2635 609 2710 μὴν
638 2633 691 2692 οὖν
718 2639 780 2691 edd.
889 2634 1122 2698 ἀντιτετάξεσθαι
1150 2637 1181 2686 lt
1208 2632 1305 2701 Lugd,

285 2706 408 2771 ἀντιτάξ.
427 2709 489 2762 edd.
559 2727 586 2778 9.
606 2709 748 2782 Regnum
765 2711 849 2778 lntpr.
907 2727 947 2766 ιο.
966 2706 1058 2780 ὄνομα
1077 2699 1190 2772 11,de
1211 2702 1306 2772 ὄνομα

287 2780 358 2848 vulg.
435 2798 475 2832 ss.
493 2779 633 2833 Brittones
648 2783 732 2849 lutpr.
807 2797 846 2848 ¹7·
868 2775 1202 2832 καὶ-διακινδυνεύειν.
1221 2773 1308 2842 Intpr.

284 2849 363 2901 addit
386 2850 482 2902 nollet.
563 2868 604 2902 ns.
622 2848 927 2919 ἀφθονία-ἐχρῶντο
942 2865 993 2902 om.
1011 2850 1039 2900 R.
1054 2855 1082 2899 et
1097 2848 1181 2915 Intpr.
1265 2859 1307 2894 aa·

285 2917 336 2985 ἥάρ
353 2930 417 2990 post
432 2921 534 2979 αάτοῖς
548 2921 629 2972 inser.
644 2922 673 2972 ll.
688 2928 716 2972 ct
727 2923 812 2989 Intpr.
1187 2929 1188 2934 ’

215 3020 378 3086 irruituros,
397 3022 427 3074 in
442 3023 568 3092 campus
585 3022 817 3091 propugnaculum
831 3037 889 3073 sese
906 3025 1073 3088 receperunt.
1109 3013 1311 3068 Firmissimum

217 3093 291 3172 enim
305 3100 363 3144 erat
382 3093 651 3162 munitissimumque
668 3093 824 3155 castellum,
852 3091 955 3162 quippe
974 3088 1047 3160 quod
1068 3091 1098 3140 in
1114 3086 1197 3138 arduo
1216 3092 1313 3135 montc'

216 3169 300 3210 situm
318 3169 385 3222 erat,
401 3163 465 3213 etin
481 3166 541 3232 ipso
561 3165 623 3232 iugo
642 3163 774 3232 abruptae
789 3163 863 3213 omni
873 3178 907 3213 ex
929 3167 1006 3230 parte
1024 3167 1117 3227 petrae
1142 3163 1260 3208 exstas-et
1279 3169 1311 3204 ac

216 3228 445 3297 protenderetur,
464 3232 504 3283 ita
524 3243 559 3286 ut
574 3232 711 3285 difficilem
724 3232 799 3284 hosti
813 3232 916 3284 aditum
929 3229 1080 3299 praeberet.
1098 3229 1137 3280 Eo
1147 3228 1243 3294 itaque
1255 3222 1311 3275 loci

217 3297 329 3349 collecti
344 3298 443 3362 Gothi,
470 3303 500 3352 in
516 3311 576 3355 tuto
593 3303 698 3355 futuros
718 3318 777 3352 sese
789 3300 938 3371 putabant,
966 3299 1133 3351 etRomanis
1156 3295 1312 3367 quidemsc

220 3367 324 3419 dedere
337 3384 509 3451 nequaquam
523 3379 689 3435 statuerant,
707 3372 755 3423 sed
769 3371 895 3423 omnibus
907 3371 998 3439 potius
1011 3369 1114 3420 viribus
1129 3369 1254 3419 resistere
1264 3363 1313 3433 ,εἰ

222 3439 284 3507 quis
298 3438 328 3487 in
346 3439 418 3506 ipsos
434 3449 495 3492 net
532 3441 668 3494 Incitabat
684 3442 757 3493 enim
775 3436 848 3509 ipsos
865 3439 1078 3508 impellebatque
1097 3437 1132 3488 ad
1146 3436 1199 3488 hoc
1214 3433 1315 3485 barba·

222 3514 268 3560 rus
285 3506 396 3577 quidam
411 3509 454 3559 vir
472 3526 565 3561 eorum
580 3512 636 3562 dux
654 3510 780 3580 Ragnaris
799 3512 926 3573 nomine,
950 3512 1058 3562 tametsi
1079 3524 1172 3576 neque
1190 3504 1315 3557 eiusdem

223 3594 285 3629 cum
303 3578 343 3629 eis
357 3578 476 3629 nationis
493 3588 539 3632 aut
553 3583 639 3649 gentis
658 3583 728 3650 (erat
745 3579 816 3631 enim
834 3581 882 3630 ille
899 3581 997 3642 exiis,
1017 3581 1065 3648 qui
1080 3579 1199 3629 Vittores
1217 3575 1316 3644 appel*

161 3674 163 3678 ·
222 3648 324 3710 lantur,
342 3656 421 3718 gente
435 3649 573 3720 Hunnica)
587 3649 636 3702 sed
654 3649 727 3721 quod
742 3651 825 3701 solers
840 3650 956 3701 maxime
965 3649 1218 3717 versutissimusque
1232 3652 1314 3706 esset,

224 3727 253 3769 ct
265 3721 369 3787 peritus
384 3736 548 3789 quocunque
564 3720 645 3771 modo
663 3720 850 3773 conciliandae
862 3719 915 3771 sibi
927 3719 1121 3780 multitudinis,
1132 3719 1171 3770 eis
1184 3725 1212 3768 et
1224 3718 1315 3784 impe·

224 3787 311 3849 rabat,
328 3797 356 3840 et
371 3788 473 3840 bellum
489 3790 695 3843 instaurandum
713 3791 767 3841 sibi
784 3790 922 3853 censebat,
940 3797 972 3840 ut
985 3806 1018 3840 cx
1033 3806 1065 3840 co
1080 3789 1212 3840 t‘clebrior
1226 3788 1314 3839 fieret.

226 3857 376 3909 Confestim
392 3860 486 3931 itaque
495 3860 591 3911 Narseo
608 3877 667 3911 cum
681 3862 806 3913 universo
823 3861 942 3913 exercitu
960 3861 989 3910 in
1002 3876 1048 3911 eos
1061 3861 1191 3921 maritet
1201 3855 1314 3916 deinde,

225 3944 285 3978 cum
302 3944 358 3978 non
376 3939 469 3996 posset
480 3932 568 4000 primo
582 3931 690 3983 incursu
704 3932 813 3984 castello
825 3932 1052 4001 appropinquare,
1070 3939 1100 3982 et
1109 3928 1210 3981 difficili
1221 3943 1237 3977 e
1250 3926 1312 3977 loco
1330 3963 1342 3975 .

133 4016 134 4020 ’
224 3995 391 4059 conflictari,
411 4001 557 4054 obsidione
571 3998 641 4052 illud
658 4002 752 4063 cinxit,
770 4001 899 4071 omnique
917 4018 950 4053 ex
964 4009 1041 4069 parte
1056 3997 1256 4066 circumsepsit,
1274 4011 1311 4047 ne

224 4066 292 4137 quid
317 4068 389 4118 intro
409 4069 596 4134 inveheretur,
628 4087 696 4123 neve
714 4072 757 4123 illi
776 4071 912 4140 intrepide
952 4088 987 4123 uo
1005 4071 1114 4125 luberet
1140 4074 1218 4123 irent
1257 4064 1312 4118 Sed

219 4136 296 4194 hisce
313 4136 396 4190 sebur
412 4156 468 4193 non
484 4141 630 4195 admodum
647 4143 719 4213 graui
737 4141 836 4195 damno
852 4089 1037 4196 afficieisantss
1049 4140 1165 4195 barbari,
1202 4137 1313 4193 Summa·
