2730 4816
404 238 806 317 ussermannus
992 300 998 310 ·
1050 268 1053 276 ’
1096 245 1151 333 79

2 384 4 394 ’
87 398 148 476 νίας,
168 396 294 481 θρασύς
308 416 342 478 γε
355 387 395 481 ήν
415 390 463 464 ἐτι
473 391 528 458 καί
540 392 703 481 ὑφαγὸρας
717 391 775 460 καί
786 396 857 462 λίαν
871 401 1038 485 φρονοῦντι
1053 400 1151 491 ἐῴκει,
1161 417 1191 472 Α.
1203 417 1233 470 c.
1247 419 1299 478 653

82 495 315 580 παρακελεύεται
331 495 349 561 δ
375 495 507 581 Ναρσής
531 501 597 568 τοῖς
615 489 805 580 δορυφόροις
827 496 1008 564 ἀποκτεῖναι
1024 497 1079 579 τὰν
1093 490 1249 566 εἴν-Παλ

78 594 139 679 δρα.
172 595 228 658 καί
242 592 259 658 ὃ
273 596 333 675 μὲν
347 596 433 680 ’ξίφει
447 593 503 677 τήν
521 591 664 680 λαπάραν
686 593 882 682 διατορηθείς
899 597 1067 682 ἐτεθνήκει.
1081 597 1098 665 ὅ
1116 600 1152 665 δὲ

75 693 127 758 τοῖν
145 688 303 778 Ἔρούλων
315 687 429 774 ὅμιλος,
441 683 492 756 οἷα
509 687 548 776 δή
558 692 723 778 βάρβαροι,
735 686 868 776 ήνιῶντο
877 695 931 759 καί
939 695 1154 780 ἐχαλέπαινον,

59 781 121 854 irai
134 785 296 874 οἷπόμαχοι
307 788 438 866 ἔσεσθαι
451 792 637 871 διενοοῦντο.
654 788 670 855 ὃ
687 793 722 856 δὲ
739 795 869 879 Ναρσής
884 788 966 865 οὕτω
975 820 1040 870 πως
1052 792 1087 860 τδ
1100 798 1155 880 τῆς
1247 851 1249 855 ,

70 889 251 976 μιαιφονίας
267 881 341 972 ἄγος
356 885 721 974 ἀποδιοπομπησάμενος,
739 888 793 955 καί
808 894 873 957 τῶν
893 885 1046 978 Ἐρούλων
1066 886 1155 974 ὀλίγα
1238 938 1240 941 ψ

23 1063 28 1074 ,
70 992 245 1076 φροντισας,
260 991 276 1053 ἐ
276 988 376 1075 χώρει
388 987 450 1054 ἀντὶ
462 986 518 1073 τήν
530 987 714 1075 παράταξιν,
722 988 858 1057 ἄνειπεδν
875 992 909 1057 ἐν
917 993 1007 1080 κοινῷ
1015 989 1070 1055 καί
1075 985 1181 1070 ἄνα-Β

68 1089 190 1172 βοήσας,
212 1085 255 1166 ὥς
269 1082 285 1152 ὅ
299 1112 334 1171 γε
351 1091 541 1172 βουλόμενος
554 1089 608 1172 τῆς
626 1087 711 1173 νίκης
733 1096 939 1174 μεταλαχεῖν,
962 1092 1153 1168 ξυνεπέσθω.

70 1180 144 1252 odero
162 1186 202 1272 δή
211 1211 243 1252 τι
251 1179 316 1274 ἆρα
332 1188 496 1274 διαφανῶς
514 1185 674 1251 ἐπεποίθει
686 1187 724 1274 τῇ
732 1190 789 1252 τοῦ
796 1191 968 1275 κρείττονος
980 1191 1152 1278 ἐπικουρίη,

41 1285 116 1352 rorat
130 1283 174 1363 ὦς
190 1285 246 1351 ἐπί
259 1287 557 1373 προδιεγνωσμένοις
568 1288 687 1372 ἐφοίτα.
713 1286 868 1352 Σινδουαλ
879 1286 951 1369 tat
968 1289 1031 1354 τῶν
1044 1285 1153 1375 Ἐρού-

66 1392 122 1452 λαν
137 1384 274 1472 ἡγεμών,
292 1383 423 1472 αἰσχρόν
439 1381 564 1465 τιεῖναι
581 1384 683 1469 ήγεῖτο
696 1384 751 1465 καί
764 1381 899 1470 ἀγεννὲς,
917 1388 997 1470 εἴγε
1013 1391 1150 1470 πολέμου

66 1488 214 1551 τοσούτου
237 1474 478 1570 ξυνεστηκὰτος,
504 1479 599 1561 adada
625 1483 735 1549 τεκαὶ
757 1482 772 1549 ὅ
799 1485 880 1571 ἄμφ’
901 1487 997 1552 αὐτὸν
1018 1487 1153 1564 στρατὸς

67 1586 252 1670 λειποταξίου
275 1583 397 1666 ἁλοῖεν,
427 1578 544 1659 δυ”ξοιέν
562 1606 596 1667 ηε
613 1584 659 1671 τῷ
671 1585 731 1663 μὲν
746 1578 825 1670 ἐργιρ
848 1572 985 1649 δεδιέναι
1004 1581 1078 1663 τούς
1094 1608 1152 1648 πυ-

67 1687 203 1765 λεμίους,
224 1682 342 1766 σκῆψιν
358 1683 394 1746 δέ
409 1707 481 1747 τινα
498 1680 554 1746 καί
565 1679 780 1768 προκάλυμμα
800 1684 854 1769 τής
868 1683 991 1758 ,δειλίας
1007 1680 1064 1767 τήν
1079 1687 1154 1770 περί

39 1779 116 1859 ι5τδν
131 1782 291 1847 τεθνεῶτα
309 1771 435 1846 nivosas
451 1782 651 1866 πεποιῆσθαι.
673 1769 790 1846 οὔκουν
800 1780 929 1866 ήρεμεῖν
941 1774 1152 1864 α’νασχίιμενος

66 1878 209 1964 ἐσήμαινε
225 1881 269 1967 aqi
287 1881 403 1966 Ναρσῇ
419 1873 597 1962 ἀναμένειν,
616 1879 660 1954 ὥς
677 1878 735 1943 καί
747 1879 853 1947 adenis
880 1873 951 1944 ὅσον
977 1870 1064 1945 οὔπω
1088 1907 1153 1945 πα-

64 1984 248 2064 ρεπομένων·
264 1977 335 2063 ὅδὲ,
352 1982 485 2060 μενετέα
500 1982 561 2061 μὲν
576 1972 632 2044 οὖν
652 1976 724 2067 ἔφη,
743 1977 889 2064 μελήσειν
907 1981 942 2046 δὲ
957 1973 1042 2062 ὅμως
1064 1975 1151 2072 αὖτῷ

63 2071 140 2155 ὅπως
159 2072 199 2144 ἐν
217 2081 252 2144 ἐν
270 2079 371 2144 δέοντι
385 2077 442 2144 καί
457 2080 522 2143 οἵδε
536 2080 684 2158 edictvm
693 2131 704 2162 ,
726 2082 755 2144 εἰ
768 2072 823 2144 καί
838 2079 931 2167 ὀλίγην
948 2074 1081 2167 ὕστερον
1095 2080 1179 2160 sai-c

60 2198 143 2256 χοιεν
170 2177 349 2264 ἀφιγμένοι·
372 2174 402 2242 οἱ
422 2179 484 2261 μὲν
503 2169 563 2243 οὖν
589 2170 734 2266 Ἕρουλοι
750 2169 787 2242 εὖ
807 2177 894 2262 μάλα
918 2180 1152 2264 ἐξωπλισμένοι,

17 2274 245 2363 εοέπορεδοντο
264 2276 365 2362 βάδην
387 2279 421 2341 ἐν
440 2277 559 2366 κόσμιρ.
994 2352 995 2358 q
1103 2305 1104 2308 ¹

137 2377 176 2462 η’.
219 2379 351 2462 Ναρσής
373 2377 409 2439 δὲ
425 2374 494 2441 ἐπεί
510 2377 544 2441 ἐν
557 2378 602 2465 τῷ
610 2377 706 2467 guipp
725 2374 873 2462 ἐγεγόνει,
895 2366 934 2440 οὗ
955 2374 993 2462 δή
1012 2379 1152 2458 συμπλέ-

58 2481 167 2543 κεσθαι
184 2474 328 2559 ἔμελλεν,
352 2470 467 2541 αὐτίκα
487 2478 519 2553 ἐς
537 2475 682 2564 φάλαγγα
705 2478 839 2562 καθίστη
859 2472 912 2542 τὸν
933 2474 1071 2564 στρατὸν
1097 2479 1153 2541 καί

127 2599 149 2634 ι.
169 2577 320 2649 φρονῶντι
337 2579 377 2642 Β,
389 2577 475 2650 bugd.
490 2595 540 2648 pro
553 2586 682 2650 φονῶντι
696 2598 764 2636 corr.
778 2581 808 2630 in
819 2597 870 2649 mg.
886 2580 1054 2650 φρονοῦντι.
1072 2577 1149 2629 Vulc.

122 2651 246 2722 praefert
266 2651 403 2719 φονῶντι.
475 2653 498 2705 5.
518 2646 799 2723 (ἰσόμαχοι-οὕτω
816 2666 877 2707 πως
892 2668 943 2701 om.
958 2652 986 2701 R.
1040 2668 1064 2719 7.
1078 2645 1149 2701 τίνα-

124 2720 233 2790 βοήσας
250 2722 296 2786 lt,
315 2719 420 2788 βοήσας
435 2722 507 2793 vulg·
598 2741 638 2779 aa.
658 2721 733 2774 Suid.
758 2738 778 2773 s.
796 2736 820 2771 v.
841 2722 1038 2782 λειποταξίουι
1063 2716 1149 2776 αὐτός

121 2800 156 2861 γε
171 2793 228 2843 καί.
303 2795 340 2846 13.
361 2789 484 2852 sidiarii.
559 2796 598 2851 ab
618 2792 782 2852 τετᾶξαιντο
802 2793 831 2843 R.

57 2887 84 2930 et
94 2875 291 2940 iactabundus,
316 2884 344 2929 et
366 2877 475 2932 caedem
494 2881 609 2951 spiranti
630 2879 726 2930 similis
745 2884 929 2947 permaneret,
952 2876 1051 2929 Narscs
1066 2875 1148 2928 licto-

57 2950 187 3012 ribus,ut
198 2965 262 3001 eum
276 2948 451 3013 interficiant,
466 2949 591 3019 mandat5
611 2959 693 3020 atque
709 2949 732 2999 is
744 2947 854 3019 quidem
866 2964 930 2999 ense
939 2948 987 2998 ilia
1002 2948 1148 3016 perfossus,

58 3020 170 3075 interiit.
208 3019 374 3072 Herulorum
396 3035 460 3071 vero
480 3022 578 3086 turba,
606 3026 705 3090 utpote
720 3017 847 3080 barbari,
869 3017 1001 3069 dolebant
1019 3018 1149 3069 moleste-

54 3108 107 3161 que
125 3089 156 3142 id
169 3089 310 3152 ferebant,
335 3097 363 3141 et
381 3106 397 3140 a
417 3093 523 3158 proelio
544 3109 573 3144 se
592 3089 745 3143 subducere
766 3087 930 3140 statuebant.
967 3088 1147 3149 Narsesvero,

55 3158 104 3214 hoc
116 3170 198 3231 pacto
212 3159 295 3213 caede
309 3159 427 3229 expiata,
450 3169 477 3213 et
488 3161 526 3227 ‚de
541 3162 649 3215 Herulis
663 3177 759 3229 parum
772 3158 919 3222 sollicitus,
937 3160 967 3210 in
979 3159 1063 3210 aciem
1081 3176 1149 3229 pro-

55 3248 176 3301 gressus,
204 3230 289 3283 edixit
310 3231 452 3284 universae
474 3231 648 3285 multitudini
670 3238 698 3282 et
714 3231 909 3299 proclamavit,
935 3239 967 3282 ut
989 3229 1147 3350 quicunque

54 3301 183 3355 victoriae
200 3300 335 3370 particeps
350 3318 408 3353 esse
423 3305 519 3367 vellet,
536 3322 591 3356 una
606 3319 696 3354 secum
711 3309 884 3371 sequeretur3
904 3318 990 3372 usque
1010 3301 1078 3352 adeo
1095 3301 1144 3352 ale

55 3381 146 3442 aperte
169 3371 257 3424 divini
272 3371 390 3425 numinis
408 3374 510 3425 auxilio
534 3383 592 3437 erat
607 3376 706 3436 frctus,
731 3379 759 3422 et
772 3372 857 3423 veluti
873 3370 908 3421 ad
925 3389 982 3422 rem
997 3381 1077 3424 antea
1096 3368 1143 3421 di-

52 3441 200 3496 iudicatum
216 3441 371 3494 accedebat.
416 3443 530 3496 Sindual
546 3453 636 3499 autem
658 3440 822 3496 Herulorum
844 3441 899 3492 dux
915 3451 994 3511 turpe
1013 3440 1145 3513 quiddam

53 3521 80 3564 et
91 3530 223 3583 generoso
244 3513 336 3565 animo
359 3512 502 3584 indignum
521 3514 667 3578 censebat,
691 3514 713 3566 si
731 3519 808 3563 tanto
827 3512 933 3581 proelio
955 3513 1084 3584 utrinque
1099 3511 1144 3573 in-

53 3590 169 3646 structo,
196 3583 256 3653 ipse
267 3584 370 3653 pariter
391 3593 418 3637 et
439 3586 481 3637 sui
497 3584 661 3639 defectionis
676 3583 916 3650 insimularentur3
941 3590 969 3634 et
985 3582 1144 3634 viderentur

52 3667 81 3702 re
99 3654 211 3723 quidem
225 3654 283 3723 ipsa
306 3653 398 3706 hostes
413 3655 622 3721 reformidasse3
640 3652 813 3707 formidinem
829 3670 893 3707 vero
908 3670 983 3704 suam
999 3659 1142 3721 praetextu

51 3719 260 3776 benevolentiae
279 3742 341 3794 erga
358 3735 494 3777 mortuum
515 3727 650 3796 palliasse.
701 3724 882 3795 Nequaquam
901 3724 995 3806 itaque
1012 3721 1144 3791 conquiea

52 3807 123 3847 scere
138 3796 292 3857 sustinens,
312 3794 420 3847 Narseti
439 3797 586 3866 significat,
607 3795 744 3864 operiatur
760 3811 805 3857 se,
829 3801 925 3862 utpote
947 3792 1056 3848 samiam
1068 3848 1070 3853 ,
1081 3811 1142 3852 cum

53 3865 104 3916 suis
122 3864 315 3921 adventurum.
350 3864 448 3918 Narses
462 3883 525 3918 vero
540 3884 568 3919 se
583 3865 695 3937 quidem
710 3881 766 3916 non
780 3864 1009 3934 praestolaturum
1027 3879 1142 3932 respon-

52 3932 102 3996 dit,
120 3943 280 3988 curaturum
298 3943 407 4000 tamen,
423 3944 495 3991 utet
508 3937 563 4005 ipsi
577 3955 625 3988 suo
638 3935 668 3988 in
682 3935 740 3987 acie
756 3935 817 3986 loco
837 3933 1016 3997 ordinentur,
1035 3933 1141 3990 etiamsi

52 4006 129 4070 paulo
144 4000 233 4059 serini
252 4003 420 4058 advenerint.
456 4007 553 4061 Heruli
571 4008 664 4080 itaque
684 4004 787 4077 optime
807 4004 921 4068 armati,
944 4002 1073 4076 bonoque
1093 4023 1139 4059 or·

52 4070 112 4129 diue
126 4075 204 4130 ocius
221 4073 415 4144 procedebant.
914 4088 919 4098 ‘

113 4148 144 4213 8,
181 4144 283 4200 Names
302 4153 392 4201 autem
406 4163 475 4224 cum
493 4147 529 4203 ad
542 4147 633 4205 locum
645 4146 831 4220 pervenisset,
850 4143 899 4206 ubi
913 4141 1137 4206 committendum

1090 2285 1103 2305 q
