2842 4800
224 201 304 306 126
578 313 583 322 ,
665 231 883 333 λαντον-ιω

77 393 108 471 Δ,
124 394 215 462 0554
302 380 356 478 κη’.
394 381 576 471 Ἀλλάγάρ
595 387 721 473 βραχέα
743 376 822 470 άττα
847 389 922 474 περὶ
943 391 1093 476 Χοσρόον
1119 390 1322 473 διεξελθών,

99 467 127 544 &³-
141 467 160 516 Ῑ·
173 467 329 550 28,αάτιιια
351 474 446 571 ἔγωγε
468 479 585 562 άνάτά
609 479 748 571 πρότὲρα
769 484 824 548 καί
839 483 877 571 δη
897 483 1050 572 ἐπανήξω.
1079 490 1217 572 ὑμνοῦσι
1238 489 1300 577 γάρ

216 578 315 648 αὐτὸν,
333 585 387 648 καί
407 571 543 675 dynastae
551 576 635 670 πέρα
652 585 706 668 τῆς
725 583 832 668 ἀξίας,
861 583 915 670 μὴ,
927 580 1020 661 δτιχοὶ
1039 591 1170 675 Πέρσαι
1177 629 1196 670 ,,
1217 587 1301 660 ἄλλά

186 685 272 765 Durat*
281 679 445 769 ,ἔνωιταῖν
471 683 657 765 ‘Euporum
673 683 731 763 ,⁰³⁶9
748 679 848 768 λόγων
866 682 1017 770 ἐραστὴν,
1039 687 1094 752 καί
1108 678 1302 783 φιλοσοφίας

137 796 168 855 v,
178 801 211 869 ηε
219 783 272 869 τῆς
294 785 367 873 παρ’
377 782 501 866 ἡμϊνές
512 775 605 869 άαρον
616 779 761 863 ἐλθόντα,
776 775 1058 868 μεταβεβλημένων
1069 782 1156 874 αὐτῷ
1170 772 1232 850 diri
1243 779 1338 851 του5

201 879 597 972 ,δςρτηνΠερσίδαμφωνη-ιι
610 885 673 948 τῶν
681 877 867 967 Ἑλληνικῶν
877 870 1144 970 11ξυγγραμμάτων.
1165 885 1221 950 καί
1234 888 1304 950 τοί-

211 1006 269 1062 νυν
286 981 401 1066 φασίν,
415 974 466 1045 δτι
483 979 520 1066 δη
543 976 612 1047 ὅλον
631 979 686 1046 τὸν
706 984 909 1068 Σταγειρίτην
928 983 1090 1062 καταπιών
1112 981 1160 1069 εἴη
1177 989 1303 1066 μᾶλλον

211 1071 384 1165 ἢὸῥήτωρ
409 1077 622 1161 dilataveris
643 1078 696 1145 τὸν
718 1072 871 1166 Ὀλόρου,
903 1085 967 1147 τῶν
988 1107 1022 1161 τε
1049 1084 1222 1160 Πλάτωνος
1247 1066 1303 1148 τοῦ

197 1177 399 1265 ,Ἀριστωνος
420 1172 657 1265 α’ναπὲπλησται
673 1178 853 1263 δογμάτων,
885 1179 941 1244 καί
959 1172 1030 1245 οὔτε
1050 1178 1066 1245 δ
1083 1182 1216 1264 Τίμαιος
1239 1167 1303 1246 αδ-

212 1275 270 1343 τδν
287 1271 496 1363 άπαδράσειεν
517 1272 572 1360 άν,
597 1282 631 1355 ,εἰ
647 1282 704 1359 καί
724 1277 851 1365 σφόδρα
871 1286 1034 1366 γραμμικῇ
1044 1269 1333 1370 ,crassissimam
1345 1291 1419 1332 Ο

214 1382 348 1458 κιλται,
366 1377 422 1440 καί
439 1374 497 1454 τάς
516 1381 572 1461 τῆς
589 1378 715 1463 φάσεως
735 1376 897 1462 άνιχνιάει
910 1376 1061 1464 κινήσεις,
1093 1373 1197 1457 odacri
1218 1372 1304 1445 Φαί-

196 1477 291 1556 δων,
314 1467 413 1540 οδτεδ
430 1477 584 1563 Γοργίας,
607 1476 764 1559 adusseris
783 1472 857 1540 οάδὲ
873 1469 966 1553 άλλος
984 1502 1033 1555 τις
1049 1480 1109 1543 τῶν
1126 1482 1306 1566 γλαφυρῶν

212 1599 246 1640 τι
269 1574 324 1640 καί
343 1577 564 1664 οἷγκαλωτέρων
579 1575 759 1664 διαλόγων,
787 1573 903 1659 ὁποῖος,
923 1571 1024 1660 οἶμαι,
1034 1574 1061 1660 ,ὁ
1081 1581 1302 1665 Παρμενίδης.

211 1673 271 1759 ἐγώ
294 1677 329 1738 δὲ
354 1670 456 1752 οὕτως
479 1675 583 1757 αὐτὸνΙ
602 1664 718 1762 άριστα
744 1674 836 1758 1ἔχειν
858 1677 1032 1758 παιδείας,
1045 1674 1100 1741 καί
1117 1680 1233 1754 sadra,
1246 1677 1305 1762 τῆς

212 1772 385 1858 ἀκροτάτης
395 1825 405 1855 ,
427 1768 484 1837 οὖν
503 1766 541 1839 άν
557 1798 629 1838 ποτε
652 1763 801 1858 οἷηθείην.
830 1763 897 1850 πῶς
914 1776 975 1854 μὲν
993 1773 1051 1862 γάρ
1076 1771 1142 1842 οἶόν
1156 1801 1191 1839 τε
1205 1771 1245 1862 ἦν
1262 1774 1297 1846 τὸ
1309 1792 1338 1833 1
1349 1761 1410 1827 5

213 1871 384 1958 ἀκραιφνὲς
401 1875 500 1941 ἐκεῖνο
524 1877 588 1938 τῶν
609 1876 752 1943 παλαιῶν
774 1871 938 1955 ὀνομάτων
957 1874 1012 1938 καί
1025 1860 1226 1962 ἐλευθέριον,
1240 1869 1311 1939 ααί

135 1971 290 2058 mimda
311 1995 345 2054 γε
366 1972 405 2057 τῇ
421 1975 483 2038 τῶν
500 1973 687 2060 πραγμάτων
706 1970 801 2059 φύσει
814 1970 993 2059 προσφοράν
1010 1999 1043 2064 τε
1067 1971 1309 2060 καίέπικαιρὸ·

211 2093 327 2150 ταταν,
349 2069 444 2158 άγρίρι
463 2073 531 2142 τινί,
549 2069 665 2160 γλώττῃ
684 2073 739 2135 καί
757 2071 959 2158 άμοασοτάτη
982 2071 1190 2156 ἀποσωθῆναι
1197 2099 1207 2152 ,·
1234 2075 1306 2149 πῶς

211 2166 248 2234 δὲ
265 2161 304 2234 δν
321 2163 401 2256 άνηρ
419 2174 567 2260 βασιλείῳ
585 2168 675 2260 τάφῳ
702 2173 736 2234 ἐκ
752 2170 877 2235 παίδων
894 2172 948 2234 καί
971 2171 1115 2258 κολακεία
1130 2173 1229 2258 πολλῇ
1250 2196 1305 2255 γε·

210 2272 397 2355 γανωμένος,
415 2269 540 2362 δίαιτάν
555 2296 589 2336 τε
597 2268 704 2354 λαχών
720 2273 753 2348 ἐς
773 2264 799 2352 ii,
815 2295 847 2334 τι
858 2269 1137 2356 βαρβαρικωτάτην
1153 2271 1208 2335 καί
1222 2266 1410 2357 raphano

222 2464 224 2467 v
284 2417 307 2454 ι.
328 2395 451 2451 διελθών
468 2399 497 2449 R.
558 2398 582 2449 8.
604 2394 700 2448 dante
719 2391 881 2453 Παιανιεδς
902 2413 954 2448 om.
974 2393 1049 2447 Suirl
1070 2377 1135 2448 τίν.
1158 2395 1302 2468 Χοσρόης.

221 2532 245 2541 ,.
280 2464 385 2521 τδνὈ.
404 2470 477 2537 Iter
495 2467 700 2537 Suid.,anir³0.
719 2468 791 2538 vulg.
849 2482 887 2519 ro.
905 2464 1088 2537 γραμματικῇ
1109 2467 1138 2516 ll.
1213 2469 1252 2519 13.
1272 2480 1307 2518 τε

262 2538 346 2603 add.
367 2555 400 2590 ex
419 2540 450 2605 ll.
511 2536 592 2610 οἶμαι
613 2555 665 2590 om.
686 2538 761 2591 Suid.
835 2537 873 2590 15.
893 2537 947 2608 μὲν
967 2554 1019 2587 om.
1038 2536 1119 2587 idem.
1192 2539 1234 2590 16.
1253 2539 1308 2588 καὶ

202 2669 203 2672 ¹
281 2619 345 2661 ante
364 2609 454 2660 δλευθ.
475 2627 527 2661 om.
551 2609 638 2661 idem„
682 2611 720 2661 18.
740 2605 921 2679 άμονσοτάτη
942 2609 988 2670 a,
1006 2601 1195 2678 δμουσοτάτῳ
1215 2607 1307 2675 vulg,

280 2679 550 2803 Ια’γροορότηρρξοίδ.
626 2697 664 2749 ¹9·
680 2675 716 2732 άν
735 2678 810 2818 deflet
837 2678 911 2764 Suid.
944 2677 1200 2799 8γρεγανναμένος
1223 2677 1299 2730 Suid.

324 2768 361 2803 .e
393 2766 414 2810 s.
453 2768 538 2822 ‚ipsa
559 2767 634 2803 voce.
705 2766 746 2803 ao.
785 2765 926 2821 αρυτατην
963 2766 1020 2800 ur.

274 2893 325 2946 aa.
365 2891 491 2944 Ceterum
506 2888 555 2941 ubi
567 2888 682 2957 paucula
700 2886 834 2960 quaedam
848 2884 882 2938 dc
899 2883 1020 2939 Chosroe
1043 2900 1301 2949 commemoravero,

170 3014 177 3038 ³
213 2964 305 3015 statim
324 2961 358 3013 nd
379 2963 471 3030 priora
496 2960 601 3014 redibo.
638 2958 841 3029 Depraedicant
863 2958 936 3009 enim
955 2958 1034 3008 illurn
1052 2964 1135 3026 atquc
1160 2955 1301 3007 admiran-

173 3043 176 3045 ’
212 3040 258 3086 tur
277 3050 358 3102 supra
383 3034 469 3100 ipsius
495 3033 623 3083 meritum
651 3049 708 3082 non
725 3038 832 3080 tantum
853 3031 961 3091 Persae,
988 3025 1037 3078 sed
1055 3033 1083 3078 et
1100 3026 1230 3076 nonnulli
1247 3028 1302 3077 Ro-

212 3119 362 3166 manorum,
379 3103 466 3154 veluti
476 3103 630 3154 litterarum
641 3108 798 3163 amatorem,
818 3100 921 3169 quique
933 3097 967 3149 ad
982 3095 1175 3166 philosophiae
1190 3104 1301 3148 nostrae

214 3169 323 3229 'culmen
349 3173 480 3234 evaserit,
501 3190 560 3223 cum
583 3172 612 3232 ei,
635 3171 801 3223 Graecanica
823 3171 923 3238 scripta
940 3168 974 3219 ab
997 3168 1147 3235 interprete
1170 3167 1301 3236 quopiam

210 3243 241 3312 in
249 3244 382 3295 Persicam
395 3244 514 3311 linguam
521 3249 612 3293 essent
624 3259 758 3293 conversa.
772 3241 858 3292 Aiunt
865 3240 971 3310 itaque,
981 3236 1055 3309 quod
1067 3244 1154 3288 toturn
1165 3235 1302 3288 Aristote-

208 3312 264 3365 lem
274 3315 371 3365 melius
387 3313 514 3374 ebiberit,
528 3329 609 3382 quam
625 3311 823 3363 Demosthenes
838 3307 1045 3376 Thucydidem,
1058 3305 1189 3378 quodque
1208 3308 1300 3359 Plato-

164 3389 166 3392 ’
209 3386 279 3439 uicis
299 3383 471 3452 dogmatibus
481 3389 555 3450 totus
569 3383 685 3434 refertus
696 3383 789 3442 fuerit,
808 3378 876 3432 adeo
884 3389 915 3430 ut
928 3397 963 3431 ne
974 3379 1103 3430 Timaeus
1136 3375 1230 3428 uidem
1242 3380 1301 3430 eius

210 3454 419 3523 intelligentiam
431 3450 635 3520 subterfugerit,
654 3452 763 3503 tametsi
773 3450 872 3500 lineari
883 3450 1069 3518 speculatione
1081 3395 1158 3519 vulbe
1168 3448 1206 3500 sit
1220 3464 1301 3518 argu-

209 3531 254 3577 tus
277 3533 305 3576 et
325 3531 440 3574 naturae
456 3529 545 3572 motus
566 3523 723 3590 investiget,
742 3519 790 3572 sed
808 3537 899 3591 neque
919 3518 1045 3582 Phaedo,
1062 3535 1153 3590 neque
1175 3517 1299 3588 Gorgias,

209 3612 301 3666 neque
315 3594 384 3644 alius
402 3591 547 3662 quisquam
565 3608 599 3643 ex
615 3589 827 3660 elegantioribus
845 3599 873 3641 et
882 3589 1085 3641 difficilioribus
1103 3590 1189 3658 ipsius
1210 3589 1300 3642 dialo-

210 3666 259 3733 gis,
273 3665 371 3736 qualis,
388 3662 514 3725 arbitror,
528 3662 757 3714 cstParmeuides.
780 3662 835 3729 Ego
849 3677 913 3711 vero
930 3677 992 3711 eum
1004 3660 1128 3712 doctrina
1141 3660 1299 3728 praeditum

210 3735 295 3786 fuisse
321 3743 350 3786 et
374 3731 486 3804 quidem
513 3749 626 3794 summa,
652 3749 825 3804 nequaquam
845 3729 1016 3782 crediderim.
1061 3730 1116 3799 Qui
1145 3731 1221 3780 enim
1239 3732 1299 3782 ficri

209 3812 333 3872 poterat,
352 3811 384 3855 ut
397 3803 501 3872 puritas
521 3802 568 3852 illa
586 3810 709 3853 veterum
727 3802 869 3854 nominum
888 3809 916 3852 et
937 3803 1028 3852 nativa
1047 3799 1149 3870 gratia,
1170 3808 1198 3851 et
1217 3817 1297 3869 prae-

209 3881 285 3926 terea
301 3891 391 3926 rerum
414 3874 534 3942 ipsarum
553 3881 667 3924 naturae
692 3889 843 3944 congruens
869 3869 1003 3942 valdeque
1031 3869 1249 3935 accommodata,
1268 3873 1298 3924 in

209 3944 307 4013 agresti
328 3942 446 4016 quadam
466 3951 493 3994 et
511 3942 682 4011 ineptissima
694 3944 788 4013 lingua
805 3940 1028 3995 conservaretur?
1048 3942 1110 4010 Quo
1128 3959 1193 3993 vero
1214 3943 1297 3994 etiam

230 4022 290 4068 acto
307 4016 349 4067 vir
368 4014 441 4082 regio
462 4013 567 4082 fastua
593 4030 678 4082 puero
698 4016 840 4084 multaque
869 4013 1054 4067 assentatione
1080 4011 1239 4076 delibutus,
1269 4020 1298 4066 et

209 4032 355 4137 barbarum
381 4084 507 4152 inprimis
534 4084 606 4136 vitae
632 4101 716 4154 genus
741 4091 859 4136 sectatus
889 4092 918 4135 et
942 4082 1018 4153 bella
1047 4099 1154 4153 semper
1176 4083 1297 4152 proelia-

209 4171 263 4228 que
282 4156 468 4228 spiramque
487 4154 710 4226 pacto,inquam,
729 4155 778 4227 qui
796 4154 836 4208 ita
853 4154 937 4211 vitam
954 4150 1087 4222 instituit,
1106 4152 1296 4210 videaturali·
