2730 4816
224 201 278 287 88
542 304 545 314 k
657 226 866 295 ruamur

74 399 144 453 bc.
158 365 208 452 553
223 381 316 446 τοῦτο
345 384 404 464 μέν
447 372 503 450 eds
540 379 576 447 τό
609 366 804 469 ἐπίγραμμα,
845 377 906 444 εἴτε
938 372 979 455 ὥς
1008 369 1135 461 disses
1174 378 1302 461 έγκεχό-

115 471 134 520 1.
151 468 337 563 λονρακται
363 478 417 568 ’τῷ
450 480 528 570 λίθιγ
541 531 551 562 ,
579 477 639 546 εἴτε
671 479 728 544 καί
749 473 851 556 ἄλλως
875 472 1025 566 ᾆδόμενον
1048 478 1082 551 ές
1102 477 1174 557 ,έμδ
1200 478 1304 558 ἵκετο,

221 573 315 644 addin
334 575 422 663 οἶμαι
445 578 480 646 τό
500 579 619 645 κωλόον
643 579 759 644 suedos
778 573 1028 663 ἀναγεγράφθαι.
1058 573 1134 650 ἴσως
1163 571 1224 660 γὰρ
1247 577 1305 641 καί

224 675 257 752 ἐς
270 675 445 764 μαρτόριον
470 673 525 743 οόκ
544 669 643 764 ἄχαρι
660 671 700 744 όν
717 674 848 764 εἴητοῖν
863 678 898 742 ἐν
918 677 991 763 τῇδε
1012 675 1050 762 τῇ
1071 675 1231 759 ξυμπλοκῇ
1253 698 1303 757 γε-

221 768 402 861 γενημένων.
447 810 448 813 *
801 844 806 854 ff
1165 856 1166 859 η
1272 845 1274 847 .
1304 781 1322 849 5

308 898 359 962 ια’.
394 893 445 965 Ἕν
473 897 569 988 τοότηι
596 900 632 965 δὲ
659 904 725 975 τοῖς
745 882 913 980 Ῥωμαίοις
939 897 1101 981 ἠγγέλλετο
1124 891 1180 958 καί
1200 890 1241 958 τό
1269 895 1304 959 ἔν’

196 1000 358 1088 ΒΒενετίρ
374 999 428 1063 ἕπε’
447 986 622 1087 Λευδαριλρ
645 1020 680 1062 τε
706 995 761 1064 καί
782 1005 845 1073 τοῖς
867 989 947 1088 ἄμφ’
974 991 1069 1060 αὐτόν
1092 989 1191 1083 ἅπασι
1215 998 1306 1072 ’ξυνε-

223 1100 384 1182 νεχθέντα
405 1086 474 1162 τότε
491 1094 529 1183 δη
550 1092 607 1164 οὖν
623 1098 677 1162 καί
691 1099 812 1180 μᾶλλον
831 1099 907 1161 οἵτε
924 1093 1017 1160 doras*
1030 1092 1085 1159 καί
1099 1089 1139 1157 τό
1156 1089 1306 1176 στρατεύ-

223 1224 310 1282 ματα
326 1196 455 1284 χορείας
482 1198 610 1263 ἐτέλουν
628 1195 683 1262 καί
706 1192 892 1283 πανηγύρεις
900 1248 910 1278 ,
938 1193 986 1281 Ιοἷς
1011 1189 1104 1259 οὐδὲν
1130 1188 1180 1256 ἔτι
1198 1185 1306 1269 αὐτοῖς

224 1292 368 1372 ἀντίξοον
381 1293 679 1386 προσγενησόμενον,
701 1298 768 1361 ἀλλ’
787 1299 821 1360 ἐν
841 1293 947 1383 εἰρήνη
969 1290 1110 1358 τολοιπόν
1125 1289 1343 1376 βιοτεόσον-το

224 1419 285 1472 τες.
303 1398 366 1459 τῶν
385 1392 444 1481 γδρ
464 1394 664 1478 ἐμβαλόντων
689 1399 722 1473 ἐς
742 1392 803 1481 τὴν
821 1389 960 1464 Ἰταλίαν
980 1391 1136 1472 πολεμίων
1159 1386 1242 1456 odra>
1267 1389 1305 1477 δὴ

227 1492 411 1578 ἁπανταχοῦ
432 1484 638 1577 διολωλότων,
672 1494 728 1559 οὐκ
751 1485 847 1584 ηἰὀντο
871 1486 985 1568 ἄλλους
1007 1491 1224 1576 ἐπιβήσεσθαι.
1253 1487 1310 1554 καί
1339 1493 1340 1498 ’

226 1592 326 1656 ταῦτα
347 1593 406 1673 μὲν
420 1587 456 1655 τό
478 1594 597 1676 πλῆθος
622 1595 784 1674 διενοεῖτο,
817 1586 868 1658 οἷα
891 1585 931 1655 ου’
945 1592 1007 1655 τῶν
1027 1583 1166 1674 όκριβυῖν
1188 1585 1307 1670 στοχά-

229 1689 341 1766 ζεσθαι
359 1687 549 1774 πεφυκότες,
576 1685 650 1754 Υἀλλ’
663 1693 696 1765 ές
715 1690 877 1779 ῥᾳστώνην
895 1687 1130 1774 ἐκβεβλημένοι,
1158 1683 1307 1772 καίπρός

227 1784 262 1850 τὸ
275 1784 424 1870 ἡδόμενον
445 1789 500 1870 τῆς
514 1785 638 1873 γνιόμης
663 1784 785 1853 ἅπαντα
809 1787 973 1875 κρίνοντες.
1000 1787 1045 1874 aspi
1066 1788 1101 1851 δὲ
1121 1787 1237 1872 Ναροῇ
1254 1780 1342 1870 ‹ip-15

155 1887 292 1962 Ρίιεδῶς
315 1886 430 1950 ἕκαστα
445 1888 683 1968 διασκοποῦντι,
713 1881 864 1953 ἀκολασία
883 1883 986 1950 ἐδόκει
999 1883 1034 1949 τό
1055 1887 1164 1972 χρῆμα
1178 1886 1234 1958 καί
1245 1909 1307 1949 τεα-

227 1979 428 2069 ραφροσόνη,
467 1981 502 2049 εἴ
518 2007 553 2068 γε
577 1975 673 2074 ηἰόντο
695 1987 807 2071 μηκέτι
824 1987 904 2063 ἕξειν
925 1979 1060 2068 α’νόγκην
1076 1977 1203 2068 ἑτέρους
1228 1982 1308 2046 airao-

224 2078 362 2145 δόεσδαι
376 2079 501 2163 πόνους,
523 2075 603 2146 ἄλλό
615 2085 735 2167 χρῆναι
752 2087 871 2165 μᾶλλον
886 2084 919 2159 ἐς
933 2078 970 2145 τό
991 2081 1230 2168 τρυφερώτερον
1250 2083 1306 2165 τῆς

228 2178 348 2265 διαίτης
361 2179 393 2255 ἒς
419 2173 472 2244 ἀεί
484 2182 750 2266 μεταβεβλῆσθαι.
769 2182 906 2247 ἐλείπετο
913 2178 984 2268 γὰρ,
1002 2177 1101 2262 οἶμαι,
1119 2173 1228 2257 αὐτοῖς
1247 2175 1307 2244 ὑπό

126 2292 130 2308 ²
226 2270 407 2362 ἀβελτερίας
421 2275 478 2354 τός
501 2272 636 2355 ἀσπίδας
660 2275 758 2363 τυχόν
780 2282 836 2344 καί
852 2278 891 2344 τό
910 2279 1006 2367 κράνη
1022 2273 1193 2364 ἀμφορέως
1217 2277 1342 2349 οἴνουσο

203 2367 318 2461 ,ἢκαί
335 2376 489 2462 βαρβίτου
509 2369 706 2460 ἀποδόσθαι,
736 2372 816 2444 οὕτω
837 2373 969 2465 περιττοὶ
988 2372 1132 2450 τολοιπόν
1151 2375 1206 2441 καί
1230 2372 1306 2441 οἶνό-

297 2534 335 2571 rn.
355 2514 424 2568 sitio
443 2521 472 2571 R.
485 2535 534 2588 pro
553 2518 659 2578 ἄλλους.
707 2519 746 2590 ιδ.
760 2521 952 2592 ἐκβεβλημένοι
967 2521 1006 2584 lt,
1027 2518 1305 2591 ἐμβεβλημένοινυλς.

224 2602 226 2607 ·
284 2587 418 2660 'etintpn
438 2591 568 2645 involuti.
642 2609 681 2662 ιφ
701 2591 824 2645 ἐλείπετο
845 2594 874 2642 ll.
899 2589 983 2664 bugd.
1005 2607 1070 2644 corr.
1096 2589 1176 2663 (CL),
1196 2591 1307 2662 ἐλίπετο

295 2659 365 2730 vulg.
436 2678 479 2718 ao.
501 2659 663 2736 δβελτηρίας
681 2664 711 2717 li.
781 2681 822 2719 aa·
846 2656 929 2728 viius
948 2679 982 2714 ex
998 2661 1026 2715 li.
1229 2668 1231 2671 ’

145 2820 147 2823 ’
226 2809 285 2863 Hoc
302 2811 396 2884 tuque
415 2815 575 2887 epigramma
592 2819 648 2871 sive
667 2810 758 2871 revera
779 2835 842 2871 saxo
854 2818 970 2871 incisum
987 2815 1050 2880 fuit,
1068 2815 1124 2867 sive
1135 2814 1241 2884 alioqui
1255 2813 1308 2866 bo-

226 2882 329 2933 minum
348 2884 518 2941 sermonibus
534 2889 700 2942 celebratum
717 2888 751 2942 ad
769 2905 812 2942 me
829 2889 961 2957 pervenit,
979 2904 1035 2938 non
1052 2886 1100 2936 abs
1119 2902 1166 2950 re,
1186 2894 1218 2937 ut
1234 2885 1307 2938 arbi-

228 2959 302 3017 tror,
320 2953 449 3008 hocloco
467 2975 483 3010 a
500 2977 544 3011 me
562 2969 604 3013 est
619 2961 742 3013 relatum.
779 2959 874 3016 Fuerit
887 2960 959 3011 enirn
977 2975 1035 3011 non
1053 2956 1190 3026 inelegans
1207 2973 1307 3009 monu-

227 3031 459 3080 montaneorum
477 3047 546 3102 quae
564 3031 613 3084 illo
632 3032 740 3104 proelio
760 3031 924 3085 acciderunt.
1300 3046 1302 3051 ’

298 3191 337 3229 rr.
355 3176 461 3229 Interea
478 3194 540 3233 vero
559 3183 683 3236 Romanis
702 3184 857 3236 nuntiatum
874 3189 925 3246 est,
963 3197 1026 3236 uern
1043 3179 1146 3231 exitum
1163 3177 1307 3231 Leutbaris

226 3246 374 3313 ‘mumque
393 3249 451 3298 flius
470 3252 564 3319 copiae
584 3253 614 3304 in
629 3255 742 3306 Venetis
760 3254 926 3306 habuissent
978 3270 1023 3303 um
1041 3250 1135 3319 itaque
1152 3251 1307 3302 multoam-

225 3313 298 3383 plius
323 3322 351 3364 et
376 3316 447 3368 cives
480 3328 508 3371 et
531 3323 664 3375 exercitus
697 3325 807 3376 festivas
838 3323 948 3376 choreas
973 3322 1107 3390 ludosque
1129 3323 1308 3389 panegyricos

226 3383 379 3449 agitabant,
408 3391 536 3454 tanquam
561 3392 633 3443 nihil
651 3394 722 3445 ultra
740 3394 841 3446 hostile
863 3401 1034 3453 metuentes,
1054 3399 1082 3442 et
1100 3391 1129 3440 in
1146 3407 1213 3458 paee
1232 3400 1309 3443 tran·

226 3453 419 3522 quillitateque
437 3456 565 3528 deinceps
586 3463 691 3514 victuri.
729 3464 861 3516 Hostibus
884 3465 957 3515 enirn
969 3461 1080 3520 Italiam
1099 3477 1146 3510 sua
1163 3462 1306 3513 invasione

224 3524 445 3592 inquietantibus
463 3527 501 3578 ita
517 3532 617 3597 passim
635 3534 745 3601 penitus
763 3534 881 3596 deletis,
899 3550 955 3583 non
976 3530 1111 3600 putabant
1127 3530 1195 3582 alios
1210 3545 1308 3600 super:

224 3601 362 3648 venturos.
396 3594 485 3665 Atque
510 3595 564 3650 hoe
590 3602 700 3670 quidem
725 3611 783 3654 erat
808 3600 995 3654 multitudinis
1018 3601 1169 3664 iudicium
1204 3604 1309 3671 quippe

230 3680 302 3732 qnae
318 3680 490 3736 nequaquam
507 3679 631 3722 accurate
650 3689 692 3724 res
710 3673 877 3742 perpendere
899 3673 982 3735 solet,
1008 3670 1055 3722 sed
1080 3672 1136 3722 otio
1166 3672 1308 3739 ignaviae-

224 3751 278 3803 que
297 3735 420 3785 immersa
438 3755 471 3788 ex
489 3756 531 3801 eo,
552 3741 625 3811 quod
642 3743 790 3796 iucundum
808 3753 965 3813 gratumque
983 3740 1035 3810 ipsi
1055 3750 1104 3805 est,
1123 3743 1214 3792 omnia
1234 3743 1309 3794 iudi-

225 3809 276 3853 cat.
312 3803 418 3858 Narseti
442 3825 505 3860 vero
531 3820 603 3862 recte
628 3813 718 3865 omnia
753 3813 934 3866 consideranti
964 3812 1081 3863 stultitia
1114 3812 1308 3883 dementiaque

222 3871 390 3939 videbatur‚,
407 3877 430 3927 Εἰ
456 3879 608 3948 ademptam
634 3883 687 3936 sibi
713 3885 843 3954 deinceps
871 3898 978 3934 omnem
1005 3882 1073 3934 alios
1096 3883 1204 3934 labores
1223 3883 1307 3935 sube-

223 3941 291 3993 undi
308 3948 497 4000 necessitatem
520 3961 665 4020 putarent;
692 3955 740 4007 sed
759 3954 878 4006 molliori
903 3955 974 4005 vitae
998 3969 1056 4005 sese
1075 3961 1145 4005 totos
1164 3951 1306 4005 dederent.

223 4013 319 4065 Parum
343 4016 417 4067 enim
445 4019 557 4086 aberat,
582 4032 614 4075 nt
641 4041 707 4094 prae
737 4024 887 4077 stoliditate
913 4032 989 4076 scuta
1011 4032 1043 4076 'et
1061 4024 1148 4092 galeas
1169 4023 1307 4091 amphoris

223 4083 334 4134 vinariis
353 4092 381 4135 et
398 4084 514 4143 barbitis
533 4102 744 4148 commutarent:
763 4095 832 4147 adeo
852 4111 1047 4166 supervacanea
1065 4095 1229 4164 inutiliaque
1252 4093 1307 4145 sibi

225 4152 254 4206 ¹¹²
274 4161 413 4225 posterum
429 4157 489 4215 iore
509 4179 582 4218 arma
601 4164 737 4221 rebantur.
780 4164 878 4221 Narses
901 4174 992 4222 autern
1017 4164 1201 4220 verisimiliter
1226 4164 1307 4218 colii-
