2730 4816
438 268 720 335 nrsrounnun
749 277 789 337 11.
810 275 841 345 5.
1134 242 1189 360 75

124 443 200 503 γουσι
220 420 283 508 γὰρ
305 418 340 486 αἱ
353 417 458 499 ἆκίδες
481 419 573 490 ἔνδον
591 424 773 508 ἒνεχόμεναι
790 426 830 513 τῇ
845 414 955 513 σύρκί,
984 430 1040 493 καί
1051 429 1228 513 πικροτὲ-λ.
1239 442 1268 496 C.
1287 443 1339 502 553

120 543 171 604 ρας
188 519 361 603 ἑπάγουσαι
376 517 433 598 τοὶς
453 520 585 606 ὀδύνας,
614 520 695 589 ὥστε
716 526 747 589 εἰ
761 527 816 589 καί
831 522 876 611 μῆ
892 528 1017 611 καιρίαν
1030 526 1083 593 τὸν
1098 512 1217 593 πολέ-Ῑ·
1228 514 1248 564 L
1260 528 1292 586 ²7

116 643 182 701 μιον
195 622 361 707 τρωθῆναι
379 625 597 708 ξυνενεχθείη,
628 617 708 687 citici
724 621 823 713 ταύτῃ
848 646 882 706 γε
907 625 1134 712 διαφθαρῆναι.
1162 629 1193 693 εἰ

116 720 149 782 δέ
165 741 200 802 γε
223 718 397 795 ε’ςόἷσπίδα
418 720 546 806 παγείη,
577 721 792 807 οἷποκρέμαται
814 724 875 804 μὲν
897 722 1009 786 αύτύια
1029 725 1063 802 ἐξ
1085 724 1193 810 αύτῆς,

70 817 165 881 5καί
182 819 440 904 ξυμπεριάγεται,
463 823 638 906 συρομένου
658 823 693 885 ἒν
713 823 757 908 τῷ
774 816 887 907 ἐδάφει
905 824 962 887 τού
977 821 1190 907 ἀπολήγοντος·

111 914 178 981 ὅδὲ
203 920 331 1002 βληθείς
361 910 431 982 ούτε
459 915 622 997 ἐξελκύσαι
653 920 743 984 τούτο
768 918 808 1003 δῆ
830 921 963 986 δύναται
980 918 1016 985 τὸ
1037 918 1115 1007 δόρυ
1135 918 1189 986 διὰ

109 1013 164 1101 τῆν
181 1011 323 1081 εἴσδυσιν
339 1020 403 1082 τῶν
418 1010 553 1100 ἆκίδων,
583 1011 653 1083 ούτε
670 1020 755 1104 ξίφει
774 1020 950 1102 διατεμεῖν,
979 1022 1024 1110 τῆ
1037 1018 1081 1105 μῆ
1106 1022 1208 1106 aps-n

109 1121 252 1180 κυεῖσθαι
269 1119 326 1180 τού
342 1115 454 1202 ξύλου,
487 1116 566 1182 ἀλλὰ
584 1116 637 1184 τὸν
647 1121 777 1207 σίδηρον
793 1120 1041 1205 παρατετάσδαι.
1063 1117 1191 1185 ἐπειδὰν

111 1216 143 1279 δὲ
158 1217 247 1280 τούτο
267 1218 367 1281 ε’σίδοι
389 1216 407 1280 ὅ
431 1215 595 1304 Φρύγγος,
615 1214 641 1304 λδ
660 1221 694 1284 δὲ
717 1215 840 1307 α’θρόον
862 1216 973 1301 ἒπιβοὶς
990 1222 1034 1308 τῷ
1050 1217 1125 1283 ποδί
1139 1220 1195 1283 καί

29 1325 63 1372 l
73 1311 286 1400 οέμπατῆσας
301 1313 356 1381 τὸν
371 1321 570 1407 σαυρωτῆρα,
592 1321 777 1405 καταβριὶδει
788 1316 845 1405 τῆν
859 1318 977 1382 cinaeda
986 1319 1042 1382 καί
1055 1319 1191 1401 κατάγει,

104 1412 145 1490 οἷς
163 1413 364 1497 ύποχαλύσαι
380 1414 438 1503 τῆν
458 1421 515 1483 τού
531 1421 680 1505 φέροντος
697 1426 811 1507 χεῖρα,
832 1418 889 1481 καί
907 1418 1113 1501 γυμνωθῆναι
1131 1412 1190 1500 τῆν

103 1510 241 1598 κεφαλῆν
260 1515 316 1578 καί
338 1512 375 1579 τὸ
390 1516 534 1602 στέρνον.
555 1514 624 1582 τότε
647 1515 685 1601 δῆ
702 1509 759 1582 σύν
774 1511 872 1580 αύτύν
894 1505 1053 1601 ύφρακτον
1071 1516 1189 1590 ἐκεῖνος

103 1607 179 1678 {triv
199 1611 317 1700 ’ῥαδίως
329 1613 510 1699 ἀπόλλυσιν,
531 1608 554 1701 ἢ
570 1613 604 1682 τύ
621 1617 766 1699 μέτωπον
783 1619 904 1680 πελέκει
921 1611 1077 1696 πατάξας,
1098 1606 1188 1697 ῆδό-

103 1733 172 1795 ρατι
190 1706 288 1802 ἑτὲρφ
304 1711 361 1799 τῆν
373 1710 523 1802 φάρυγγα
538 1713 696 1792 διελάσας.
718 1712 848 1800 τοιαύτη
862 1716 924 1797 μὲν
945 1719 1009 1788 τοῖς
1032 1707 1189 1797 Φρύγγοις
1235 1802 1238 1807 1

34 1818 61 1864 ¹
73 1805 121 1896 5ῆ
138 1804 257 1890 ύπλισις
265 1865 276 1895 ,
304 1815 359 1879 καί
376 1816 411 1880 ἐν
431 1816 533 1880 τοῖσδε
547 1811 587 1880 τύ
602 1817 636 1892 ἒς
649 1812 704 1881 τύν
718 1812 854 1897 πόλεμον
871 1807 1146 1900 παρεσκευάζοντο.

181 1909 215 1986 ς’·
238 1915 371 2000 Ναρσῆς
396 1917 432 1980 δὲ
458 1913 551 1980 droia
572 1913 745 1996 Ῥωμαίων
761 1910 934 2001 στρατηγὸς
956 1908 1064 1994 ἐπειδὴ
1079 1911 1184 1974 ταῦτα

100 2011 224 2094 ἔγνωκεν
229 2065 240 2096 ,
272 2013 387 2078 αύτίκα
408 2009 458 2098 ύγε
474 2009 591 2078 ἅπαντι
604 2015 650 2101 τῷ
663 2017 788 2104 στρατῷ
803 2006 884 2100 ἄρας
908 2013 943 2077 ἐκ
965 2013 1021 2096 τῆς
1042 2004 1215 2095 ‘Minthe

100 2108 382 2196 στρατοπεδεύεται
401 2107 438 2176 ού
454 2108 563 2200 πύρ’ῥω
579 2115 643 2178 τῶν
668 2112 842 2195 πολεμίοιν,
864 2107 931 2176 ἀλλ’
952 2104 1026 2175 ὅσον
1042 2108 1183 2191 πατάγου
1242 2120 1247 2134 ·

98 2232 130 2272 τε
154 2203 295 2294 ιῖκούειν,
323 2210 378 2276 καί
399 2214 508 2302 διορᾷν
530 2210 567 2277 τὸ
582 2213 776 2298 χαράκωμα·
797 2208 880 2276 ούτω
896 2212 930 2276 δὲ
949 2209 1011 2274 τῶν
1031 2231 1185 2292 στρατευ-

34 2313 204 2392 Ξομάτων
220 2311 365 2397 οἷλλῆλοις
381 2313 622 2401 ἆναφανέντων,
650 2312 747 2397 πολλῆ
759 2315 819 2395 μὲν
838 2307 1029 2396 ἑκατέρωθεν
1042 2307 1184 2393 ὑπῆρχεν

166 2434 188 2470 ι.
202 2415 371 2487 ἐνεχομεναι
380 2417 412 2487 τῇ
422 2418 516 2487 σαρκλ
524 2416 611 2487 Iutpr.
621 2418 730 2472 cervice
740 2417 826 2470 larius
835 2415 953 2472 haerens
970 2410 1182 2484 (t).2.1ntpr.

161 2485 273 2556 legebat
291 2486 449 2556 ἐπάγουσιε
468 2486 558 2559 affert
646 2486 671 2555 4.
690 2488 719 2544 ἐς
732 2489 823 2539 omli.
930 2485 954 2538 5.
973 2482 1184 2553 superstravit,

163 2560 307 2629 συρομένη
327 2559 397 2628 vulg.
467 2563 493 2612 6.
515 2556 580 2612 οὔτε
597 2556 745 2619 ἐξελκύσαι
768 2560 796 2610 R.
822 2556 903 2630 (et),
924 2552 989 2608 οὔτε
1014 2550 1183 2614 ξυνελκύσαι

160 2629 234 2699 vulg.
348 2627 440 2684 ἐνίδοι
457 2631 486 2684 Β.
595 2646 634 2682 ra.
654 2624 744 2685 αύτδν
761 2627 823 2680 add.
842 2645 876 2680 er
891 2628 937 2690 n,
962 2625 1046 2696 Intpr.
1068 2623 1179 2678 λοετιια.

164 2703 206 2754 16.
226 2697 244 2750 δ
265 2699 300 2752 ad
320 2737 327 2750 .
347 2717 382 2753 ex
401 2702 432 2756 R.
981 2735 984 2740 -

99 2779 158 2836 dem
170 2785 254 2849 intro,
274 2787 470 2840 utiverisimde
479 2794 529 2852 est,
548 2786 647 2857 cuspis,
664 2802 755 2857 neque
768 2786 850 2857 isqui
864 2785 935 2838 ictus
948 2791 989 2837 est
1005 2800 1096 2854 neque
1111 2783 1181 2834 alius

96 2855 239 2925 quisquam
258 2856 338 2908 facile
361 2859 448 2911 telum
467 2859 584 2910 evellere
602 2865 705 2927 potest3
734 2856 845 2908 obstant
871 2858 944 2906 enim
967 2855 1114 2906 acuminati
1137 2853 1182 2904 illi

94 2920 198 2978 hamuli
216 2928 298 2979 altius
315 2930 390 2981 carni
404 2927 587 2990 inhaerentes,
605 2936 634 2979 et
642 2926 753 2979 acerbos
769 2928 903 2978 cruciatus
917 2925 1044 2987 excitant,
1067 2922 1135 2974 adeo
1149 2929 1183 2974 ut

95 2995 176 3046 ctiam
194 2999 218 3049 si
239 2996 346 3049 hostem
368 3016 542 3070 nequaquam
558 2999 640 3051 letale
663 2998 761 3048 vulnus
778 2997 913 3065 accepisse
927 2995 1081 3064 contingat,
1101 3010 1135 3044 ex
1147 3009 1181 3045 eo

94 3071 184 3117 tamen
197 3069 323 3120 intereat.
344 3069 446 3121 sivero
461 3078 537 3122 scuto
551 3070 700 3137 impactum
713 3068 805 3131 fuerit,
819 3068 909 3118 statim
925 3082 958 3116 cx
973 3081 1005 3116 eo
1019 3061 1181 3134 propendet,

61 3192 74 3205 N
94 3143 121 3186 et
132 3137 330 3209 circumagitur,
348 3140 441 3192 infima
457 3140 500 3191 sui
512 3148 589 3209 parte
606 3140 692 3191 solum
701 3155 809 3190 verrens
824 3146 852 3190 et
864 3152 980 3189 versans.
1016 3137 1041 3186 Is
1058 3152 1121 3187 vero
1134 3133 1182 3204 qui

92 3205 161 3258 ictus
176 3217 233 3273 est,
252 3226 342 3281 neque
362 3212 450 3263 telum
468 3219 544 3263 scuto
559 3211 676 3266 evellere
692 3209 782 3273 valet,
800 3207 917 3260 hamulis
930 3204 1065 3259 mordicus
1083 3205 1182 3256 inhae-

92 3277 235 3344 rentibus,
259 3297 349 3350 neque
363 3298 429 3333 ense
446 3289 603 3351 amputare,
643 3279 698 3330 uod
713 3279 842 3331 nimirum
856 3278 890 3331 ad
904 3278 1008 3347 lignum
1025 3278 1181 3346 pertingere

90 3363 145 3399 non
154 3351 250 3419 possit,
260 3351 355 3403 ferreis
365 3351 484 3416 laminis,
500 3347 598 3424 quihus
614 3299 644 3402 id
659 3349 808 3402 obductum
820 3359 870 3413 est,
882 3347 1087 3413 obsistentibus3
1106 3343 1183 3418 qnod

90 3417 204 3473 simulac
222 3420 323 3474 viderit
339 3422 475 3486 Francus,
495 3424 639 3475 confestim
651 3420 722 3490 pede
739 3423 861 3485 insultat,
880 3429 908 3472 et
925 3420 1084 3489 proculcans
1099 3418 1182 3468 imam

89 3483 210 3556 hastam,
228 3501 335 3545 scutum
352 3494 474 3560 pondere
491 3495 533 3545 sui
552 3493 671 3563 corporis
691 3491 835 3562 deprimit,
859 3493 899 3543 ita
914 3499 959 3553 ut,
979 3489 1110 3560 gestantis
1122 3504 1182 3537 ma-

89 3575 127 3609 nu
139 3578 197 3613 sese
209 3563 339 3615 nonnihil
346 3563 455 3619 laxante
469 3582 500 3616 ac
517 3565 682 3625 remittente,
698 3571 781 3632 caput
797 3571 824 3616 et
836 3570 929 3633 pectus
943 3559 1089 3613 nudentur.
1109 3558 1183 3636 Tum

90 3626 138 3681 ille
152 3631 258 3686 nudum
277 3633 384 3695 hostem
400 3653 490 3707 neque
506 3637 641 3687 munitum
659 3643 754 3685 nactus
771 3635 852 3686 facile
871 3631 1004 3692 trucidat,
1023 3631 1079 3682 sive
1092 3641 1181 3708 secun

90 3697 207 3755 frontem
221 3706 342 3769 feriens,
361 3706 416 3758 sive
441 3707 495 3758 aha
511 3705 590 3758 hasta
606 3705 729 3775 iugulum
745 3706 891 3757 traiiciens.
934 3703 972 3754 Ac
987 3701 1050 3751 talis
1067 3694 1179 3768 qurdem

91 3777 131 3820 est
147 3772 315 3828 Francorum
329 3785 480 3842 armatura,
501 3785 583 3849 atquc
598 3777 637 3826 ita
652 3775 686 3826 ad
706 3776 842 3844 proelium
861 3771 1072 3844 apparabantur.

157 3845 182 3896 6.
219 3847 390 3901 Narsesvero
404 3849 516 3901 Romani
531 3848 665 3901 exercitus
682 3855 791 3915 praetor
806 3847 856 3899 ubi
874 3844 942 3896 haec
955 3842 1097 3911 cognovit,
1122 3845 1180 3890 sta-

90 3911 138 3963 tim
155 3923 184 3968 et
202 3919 264 3986 ipse
284 3921 411 3971 universo
429 3921 550 3973 exercitu
570 3921 653 3970 Roma
673 3919 787 3982 educto,
814 3936 869 3971 non
889 3913 1034 3985 proculab
1051 3908 1179 3961 hostibus

90 3993 170 4040 castra
190 3987 279 4052 locat,
299 3988 348 4041 sed
364 3989 478 4044 undeet
492 3991 620 4060 strepitus
637 3988 759 4041 exaudiri
780 3996 808 4040 et
825 3989 926 4041 vallum
940 3984 1061 4053 conspici
1076 3988 1178 4064 possct.

90 4049 145 4108 Hoc
162 4062 259 4131 itaque
277 4059 359 4112 modo
383 4076 445 4113 cum
473 4063 526 4114 duo
548 4061 683 4113 exercitus
705 4062 735 4112 in
753 4068 877 4111 mutuum
892 4063 1066 4124 conspectum
1084 4067 1176 4134 venis·

91 4138 162 4195 sons,
181 4139 309 4184 accurate
318 4132 449 4202 utrinque
462 4135 532 4185 acies
547 4132 771 4194 instruebantur,
796 4126 986 4199 praesidiaque
1002 4135 1031 4178 et
1044 4120 1176 4176 excubiae
1196 4163 1199 4170 .

92 4193 260 4267 hortentur,
283 4208 313 4256 et
327 4201 408 4257 duces
427 4202 537 4260 ordines
553 4203 687 4260 militares
704 4199 826 4260 obibant
869 4200 937 4274 Spes
951 4213 1015 4255 vero
1030 4202 1058 4250 et
1075 4195 1173 4251 metor,
