2738 4816
525 260 746 328 nonnulla.
1108 267 1177 330 xix

88 413 265 499 Agathiam
278 415 319 478 de
334 413 423 479 hello
438 415 632 480 Gothorum:
663 414 856 479 econtrario
876 414 909 476 in
926 414 1089 478 Marciana
1107 416 1176 480 Vs·

90 515 192 578 netiis
209 516 284 582 cod.
303 517 458 580 nccxll.
476 516 575 579 libros
592 516 807 600 posteriores,
828 516 1052 580 deficientibus
1074 516 1177 600 primo

90 623 127 674 et
154 615 291 676 secundi
306 625 412 698 parter
432 614 574 690 scilicet,
602 623 638 677 ut
652 615 800 696 ridetur,
821 615 878 677 illa
893 614 961 701 ipsa
976 615 1017 681 de
1038 615 1177 681 Narsetis

88 711 185 773 bello
206 711 320 774 Italico
346 709 537 778 nors-alione.
1185 730 1186 733 ’

184 813 289 889 Quam
304 820 411 879 autem
427 813 577 896 Agathino
593 813 628 876 in
646 834 759 889 eorum
780 834 913 878 numero
930 813 1031 877 fuerit
1045 813 1177 878 histori-

91 931 210 972 corum
235 931 316 993 qnos
342 911 571 975 Constantinus
594 912 891 998 Porphyrogcnitus
917 913 950 974 in
980 913 1108 996 eclogas
1124 935 1176 977 re·

93 1009 166 1093 digi
189 1009 303 1085 iussit,
326 1010 477 1093 leguntur
496 1033 537 1075 cx
560 1011 619 1074 illo
637 1013 762 1076 triade
790 1013 1007 1098 legationibus
1026 1022 1177 1096 excerpta

94 1109 131 1168 in
152 1108 273 1171 Codice
287 1109 420 1189 Basaro,
442 1132 581 1194 qnorum
597 1112 730 1176 collatio
748 1134 823 1176 cum
842 1113 936 1176 editis
962 1113 1098 1175 debetur
1117 1112 1177 1174 do·

92 1207 239 1271 ctissimo
250 1208 436 1293 Spengelio.
471 1210 575 1274 Multo
590 1212 664 1295 plns
680 1212 766 1275 idem
781 1212 918 1297 scriptor
933 1212 973 1274 ad
989 1212 1119 1274 titulum
1136 1212 1177 1274 de

90 1307 267 1370 sententiis
291 1309 438 1372 conferre
462 1310 617 1391 debebat,
646 1331 744 1394 quem
772 1313 956 1395 nuperrime
980 1311 1014 1371 in
1045 1311 1178 1374 luminis
1288 1318 1290 1321 ’

92 1428 169 1469 oras
184 1407 315 1469 reduxit
335 1407 383 1471 ill.
402 1407 522 1472 Maiuss
552 1411 602 1474 vir
623 1410 769 1472 iuvandis
784 1410 901 1474 litteris
926 1409 1079 1473 divinitus
1107 1430 1178 1472 sae·

91 1507 172 1569 culo
191 1515 299 1568 nostro
319 1528 500 1588 concessus,
522 1518 555 1572 et
571 1509 648 1588 „cni
665 1531 759 1571 nemo
775 1509 850 1572 civi'
866 1530 972 1591 neque
984 1507 1086 1570 hostis
1104 1506 1179 1589 qni-

91 1607 144 1668 hit
161 1627 223 1690 pro
244 1605 337 1678 factis
358 1607 494 1671 reddere
517 1628 633 1692 operae
652 1605 823 1691 pretium.''
866 1608 931 1670 Sex
959 1604 1038 1669 folia
1062 1605 1103 1667 de
1129 1604 1179 1667 his

93 1705 257 1790 excerptis
278 1727 444 1789 superesse
468 1706 495 1769 is
511 1728 570 1770 nos
592 1707 713 1770 edocet
732 1701 830 1788 (coll.
852 1706 1027 1770 Vaticanus
1045 1704 1180 1787 scripto·

91 1828 170 1870 rum
202 1827 391 1889 graecorum
413 1808 454 1890 ll.
475 1829 506 1890 p.
526 1807 627 1887 4643:
654 1829 793 1890 qnorum
813 1805 1019 1870 collationem
1043 1803 1083 1866 ab
1109 1801 1180 1865 eius
1266 1811 1270 1834 ⁸

90 1906 237 1968 amicitia
254 1906 424 1990 petissem,
447 1907 755 1992 impetrntnrnmqne
773 1907 872 1970 luisse
896 1914 983 1969 certe
1009 1902 1094 1976 scio;
1121 1922 1180 1965 vs-

88 2028 168 2069 rum
185 2027 283 2091 opero
306 2004 367 2067 iam
383 2004 552 2092 profligato
573 2007 666 2070 nolui
685 2007 840 2070 molestus
865 2025 935 2070 esse
958 2004 1028 2068 siro
1046 2001 1180 2065 minime

90 2107 210 2170 otioso.
260 2142 284 2182 g
400 2094 411 2100 '¹

179 2207 348 2267 Praeterea
360 2212 505 2288 superest
519 2204 552 2266 in
560 2203 726 2268 Parisinus
738 2203 846 2288 regias
862 2200 933 2266 cod.
949 2197 1069 2268 MDCl.
1081 2219 1180 2260 mem·

91 2295 277 2383 branacco',
298 2303 586 2383 Fontehlandensi,
605 2302 720 2365 folium
737 2303 882 2381 unicum,
914 2298 1006 2362 cuius
1024 2296 1181 2360 lectiones

93 2424 180 2487 quae
198 2403 335 2480 variant,
345 2403 431 2466 dedi.
452 2402 568 2467 lisdem
583 2401 715 2466 fortasse
734 2402 879 2465 terminis
894 2397 1081 2462 continetur
1096 2397 1180 2477 frag·
1311 2433 1313 2438 .

92 2513 241 2566 mentum
252 2504 298 2567 de
307 2502 447 2569 Francis
461 2501 715 2566 Laurentianum
728 2503 812 2568 LIX.
825 2522 870 2584 ¹7·
880 2522 911 2584 9.
921 2534 961 2547 -
976 2495 1032 2558 ubi
1046 2494 1179 2576 implut.

92 2602 266 2683 Lxxlv„
294 2605 340 2667 13.
354 2604 405 2681 64.
424 2603 511 2667 varin
536 2622 577 2666 ex
595 2603 739 2686 quinque
756 2601 846 2664 libris
864 2606 1014 2682 excerpta
1030 2592 1180 2667 inveniri,

47 2761 50 2767 .
91 2704 257 2766 Harlesius
278 2703 462 2782 annotarit,
483 2703 678 2767 Bandininm
695 2711 843 2780 secutus,
872 2709 933 2764 cat.
955 2696 1048 2762 codd.
1067 2715 1113 2778 gr.
1133 2692 1179 2759 ll.

91 2826 127 2888 p·
152 2805 226 2869 530.
245 2804 306 2865 ll-l.
324 2827 357 2886 p.
378 2804 448 2867 213.
475 2804 564 2887 qnod
584 2825 665 2889 opus
696 2801 869 2891 inspicient
891 2798 1008 2884 quibus
1029 2793 1089 2856 illo
1114 2791 1181 2853 frui

91 2903 382 2988 possecontingit.
506 2901 509 2906 ’
740 2898 742 2902 ”
1154 2980 1163 3001 ⁰

178 3002 361 3065 Hadrianus
379 3000 494 3065 Iunius
505 2992 834 3064 ¹llnimadversionum
853 2994 878 3061 l.
890 2993 920 3070 4.
938 2998 975 3054 nt
995 2988 1179 3071 interpretis

90 3102 296 3166 oscitantiam
311 3110 343 3165 ct
361 3100 543 3166 vecordiam
560 3100 753 3175 confutaret,
774 3094 898 3180 aliquot
918 3089 1072 3177 Agathiae
1090 3088 1179 3149 locos

94 3223 208 3286 graece
225 3201 443 3286 transcripsit,
465 3198 572 3264 multis
594 3199 687 3261 annis
708 3206 782 3258 ante
797 3194 976 3278 principem
1002 3187 1179 3252 editionem

92 3306 251 3385 graecam
273 3301 321 3363 Ac
330 3302 461 3386 planum
473 3300 606 3384 quidem
617 3297 815 3377 est,lnnium
828 3292 932 3358 videri
949 3314 982 3356 se
1002 3290 1051 3353 uti
1071 3308 1178 3352 axem·

94 3403 307 3486 plarigrn'eco
333 3401 488 3464 voluisses
505 3423 588 3484 quae
603 3409 710 3462 tamen
726 3396 816 3459 affert
836 3417 874 3457 ca
891 3400 1007 3456 cuncta
1022 3407 1063 3451 ex
1078 3386 1178 3450 Suida

95 3501 262 3586 desumpta
283 3509 377 3575 suntt
400 3501 614 3563 terminantur
630 3499 717 3563 enim
736 3496 832 3582 plane
848 3493 962 3556 iisdem
975 3489 1093 3552 finibus
1107 3487 1179 3570 qni·

94 3598 154 3660 bus
187 3600 276 3664 illius
304 3607 471 3683 excerpta,
503 3601 637 3683 eiusque
676 3597 870 3683 scripturam
897 3590 1136 3655 dissentientem
1157 3610 1177 3650 a

95 3697 262 3761 codicibus
285 3706 535 3784 repraesentant.

177 3795 344 3860 Editiones
366 3806 429 3861 tras
446 3819 593 3882 graecas,
615 3819 697 3882 quac
716 3794 883 3878 hucusque
900 3790 1097 3878 prodierant,
1123 3809 1178 3852 su-

98 3915 154 3978 pra
179 3895 212 3956 in
233 3897 432 3979 praefatione
453 3897 612 3959 indicaris
646 3895 702 3980 nbi
725 3895 820 3959 etiam
846 3894 887 3957 de
912 3891 1012 3954 latina
1032 3890 1178 3959 versione

101 3993 169 4074 egi,
195 4016 290 4077 qnam
313 3994 562 4080 christophorus
583 4000 741 4074 Persona,
763 3994 852 4078 prior
872 3993 903 4056 S.
918 3991 1080 4066 Balbinus,
1098 4010 1180 4052 con-

100 4089 195 4151 fecits
217 4094 273 4174 qni
293 4094 404 4156 itidem
422 4106 543 4178 partam
567 4096 722 4158 librorum
745 4093 894 4177 Procopii
908 4089 1080 4156 transtulit.
1101 4084 1181 4150 Eam

105 4186 136 4247 in
153 4187 288 4255 Fabricii
306 4193 524 4274 bibliotheca,
547 4195 587 4258 ab
602 4195 750 4258 Harlesio
770 4191 946 4275 recognita,
967 4187 1099 4251 invenio
1118 4179 1181 4246 im·
