2730 4816
390 240 673 318 HlSTORlARUM
702 247 743 310 11.
770 247 822 319 15·
1108 253 1162 338 97

90 391 171 482 alepi
195 392 390 480 (ἐτύγχανον
409 392 471 482 γδρ
504 391 604 463 aiano*
625 398 796 484 διατρίβων
810 400 968 480 ,παιδείας
989 405 1079 468 iussa
1106 406 1235 489 siclt
1249 413 1300 486 554

88 492 142 579 πρὸ
161 498 225 575 τῶν
243 489 349 575 νόμων
357 497 383 582 ,)
401 497 539 560 δεδιέναι
558 494 699 583 προσῄει,
713 498 875 562 καὶταῦτα
894 500 947 563 ἐπί
962 496 1033 564 λίαν
1049 497 1166 590 σμικρᾷ
1185 490 1277 544 ¹·L23

85 595 119 679 τῇ
131 595 277 678 κινήσει,
303 595 501 686 λογιζομένῳ,
523 588 571 658 δτι
592 591 630 679 δη
648 595 754 672 αὐτοῖς
763 593 797 659 αἱ
814 596 988 679 οἰκοδομίαι
1005 600 1060 663 οὐκ
1079 601 1171 688 ἰσχυ-

85 695 136 776 ραί
158 691 235 756 οὐδὲ
254 692 375 777 εὐρεῖαι
392 690 598 776 τυγχάνουσιν
615 685 726 775 οδσαι,
747 688 821 759 οῦδὲ
837 689 901 761 οἷαι
917 699 972 761 καί
989 696 1068 785 πρὸς
1083 705 1166 785 pipo⁴

68 788 121 872 ὅχῦ
142 790 344 874 ἀνασχέσθαι
359 790 557 872 δονοῦμεναι,
576 791 646 855 ἀλλ’
664 794 775 874 ἰσχναί
790 783 870 876 δγαν
878 797 932 859 καί
941 795 1082 873 ἀσθενεῖς
1097 800 1165 884 (ἐφ’

82 884 125 952 ἑνί
136 886 199 975 γὰρ
221 889 408 974 δφαίνσνται
423 889 531 979 λίθῳ).
554 887 633 968 ἀλλὰ
655 888 713 978 γὰρ
735 893 791 956 καί
810 887 837 975 δ,
861 920 893 958 τι
916 894 1046 983 λόγιμον
1068 899 1102 960 ἐν
1124 898 1165 983 τῇ

82 985 174 1070 πόλει,
196 989 375 1069 ἐδείμαινον
389 990 444 1053 καί
454 992 529 1070 οἵδε,
544 981 585 1080 οῦ
594 989 632 1054 τί
639 1014 710 1071 που,
728 984 826 1071 οἶμαι,
843 988 878 1055 τδ
893 984 952 1078 ἤδη
971 991 1164 1083 παρῳχηκῦς,
1227 1072 1230 1079 „

82 1086 148 1150 ’ἀλλ’
172 1082 219 1151 ὅτι
235 1087 344 1162 αὐτοῖς
360 1086 418 1151 καί
431 1091 565 1164 ἐσαῦθις
580 1085 677 1153 ταδτδ
697 1093 792 1155 τοῦτο
804 1087 1021 1176 ξυμβήσεσθαι
1037 1093 1092 1157 οὐκ
1102 1085 1163 1157 sino

9 1244 10 1247 ,
81 1181 191 1269 τρόπου
209 1182 321 1250 ἐδόκει.
344 1183 374 1250 οἱ
389 1183 449 1271 γὰρ
467 1183 523 1272 την
538 1187 644 1252 αἰτίαν
659 1190 752 1252 τοῦδε
766 1191 823 1252 τοῦ
839 1187 964 1266 πάθους
980 1191 1165 1274 α’ναθομιδ-

9 1331 11 1346 2
54 1307 141 1359 ιοσεις
167 1281 257 1359 τινδις
281 1280 363 1350 εἶναι
386 1288 524 1369 λέγοντες
548 1285 642 1371 ξηρδς
671 1308 706 1349 τε
734 1286 789 1351 καί
815 1287 1013 1371 λιγνυώδεις,
1036 1287 1099 1368 ὑπὸ
1121 1288 1189 1354 ταῦ

29 1437 40 1465 s
79 1377 224 1468 γλαφυραὶ
243 1384 297 1468 τῆς
311 1387 368 1468 γῆς
382 1377 582 1470 είργομένας,
610 1385 666 1448 καί
683 1388 727 1472 τῷ
746 1381 792 1470 μη
819 1388 1022 1471 διαπνεῐσθαι
1048 1388 1168 1477 §plima

80 1479 293 1566 σφοδρότερον
310 1480 399 1547 ἔνδον
420 1485 697 1570 περιδινουμένας,
718 1481 754 1545 τὸ
771 1484 985 1569 ἐπιπροσθοῦν
1001 1481 1086 1550 ἅπαν
1100 1497 1240 1557 σα-ΉΒ

79 1575 186 1661 λεῦειν,
202 1581 267 1672 ἕως
277 1582 314 1667 τῇ
326 1584 418 1670 βιαίᾳ
429 1584 512 1669 φορᾷ
528 1585 582 1666 τῆς
597 1580 793 1667 στεγνότητος
804 1580 996 1667 ἐνδιδούσης,
1017 1586 1050 1660 ἐς
1064 1585 1163 1666 τοῦμ-

80 1681 170 1760 φανὲς
198 1673 384 1762 δυαχθεῖεν·
403 1679 431 1744 οἱ
460 1678 499 1764 δη
526 1675 585 1745 οδν
611 1677 649 1745 τὰ
669 1683 801 1744 τοιαῦτα
821 1683 1079 1766 φυσιολογοῦντες
1101 1681 1161 1769 την

51 1775 254 1858 ιᾶΑἰγυπτίαν
278 1777 361 1864 φασί
377 1776 487 1864 χώραν
501 1779 540 1842 οδ
560 1777 683 1842 πώποτε
700 1776 843 1843 σείεσθαι
860 1780 1043 1866 πεφυκέναι,
1065 1779 1109 1857 ὦς
1122 1775 1162 1865 δη

80 1873 249 1958 χθαμαλήνΙ
259 1900 294 1942 τε
313 1877 451 1960 ἀτεχνῶς
472 1882 527 1942 καί
543 1878 656 1943 ὑπτίαν
677 1876 732 1942 καί
751 1875 861 1963 ἥκιστα
883 1876 1084 1965 σηραγγώδη,
1112 1882 1164 1945 ἐν-

79 1977 182 2038 τεῦθέν
204 1997 246 2045 τε,
262 1975 318 2038 οῦκ
343 1978 602 2064 ἐμφορουμένην·
621 1978 652 2041 εἰ
671 1979 706 2041 δέ
725 2001 759 2060 γε
791 1979 846 2042 καί
867 1975 1072 2058 ὑποδέξαιτο,
1093 1978 1162 2044 ἀλλ’

79 2070 262 2154 cleopatra<
281 2071 341 2138 δπδ
359 2075 551 2161 χαυνότητος
572 2072 663 2158 θαμδ
688 2077 938 2162 ἐξατμιζομένην.
990 2077 1058 2140 ἐπεί
1076 2079 1162 2142 δὲέν

77 2164 115 2258 'up
131 2168 204 2236 τότε
220 2168 277 2257 ἥδε
296 2171 315 2258 ἦ
335 2174 429 2255 δόξα,
450 2167 491 2238 εδ
508 2177 658 2258 ποιοῦσα,
675 2172 859 2261 ἐπεφώρατδ
877 2198 911 2237 τε
929 2172 984 2238 καί
994 2169 1163 2260 α’πελήλεγ-

47 2281 128 2333 λοκτο
143 2268 190 2356 μέγ
208 2271 334 2358 σφόδρα
350 2270 517 2362 ἐν’βεβαιλγ
532 2275 681 2358 κειμένη,
708 2269 837 2348 εἰκότως
859 2265 923 2359 ἄρα
945 2267 1106 2338 ἐδεδίεσαν
1132 2271 1162 2338 oi

76 2381 216 2452 γενναῖοι,
236 2369 299 2454 εἴγε
319 2369 398 2458 πρὸς
421 2372 600 2438 τσῦνανιίον
625 2373 733 2448 αὐτοῖς
755 2370 897 2458 χωρήσει
918 2372 1194 2457 τοῦπιγραμμα,1)’

75 2468 125 2534 καί
137 2467 369 2535 κινδυνεύσοιεν
389 2468 533 2537 τολοιπὸν
551 2466 590 2535 οῦ
603 2469 757 2556 γαιηδχου
773 2471 888 2552 μόνον,
914 2467 997 2534 α’λλιὶ
1015 2469 1071 2535 καί
1090 2473 1159 2536 ἐνσ-

142 2607 162 2642 ι.
182 2590 231 2652 τῆς
249 2575 323 2659 πρὸς
340 2591 397 2643 τῶν
416 2592 445 2641 u.
506 2607 531 2644 a.
551 2593 591 2644 τῶ
608 2593 663 2658 spot
680 2589 708 2641 ll.
763 2592 787 2642 6.
798 2588 956 2658 ὑφαίνοντα
975 2589 1004 2640 R.
1058 2587 1159 2656 λόγιον

138 2661 211 2711 coni.
231 2660 283 2722 cl„
304 2662 388 2729 Intpr.
406 2661 468 2713 oiri
482 2661 688 2714 litteratissimi.
770 2678 807 2711 ιο.
827 2662 876 2710 καὶ
896 2655 952 2710 sini
971 2659 1057 2728 vulg.‚
1081 2660 1109 2711 Η.
1130 2669 1159 2713 et

137 2732 223 2796 Intpr.
244 2731 368 2800 copulam
387 2747 439 2781 om.
507 2749 544 2784 ιι.
559 2730 643 2802 δᾴδια
661 2733 690 2782 R.
767 2746 805 2783 ra.
824 2727 1034 2800 περιδονμένας
1051 2729 1113 2801 (sic)
1129 2733 1157 2782 R.

141 2800 182 2867 sl.
203 2800 232 2851 ot
251 2799 282 2853 δὲ
299 2803 328 2852 R.
383 2818 424 2853 uo.
442 2801 537 2854 εἰκότα
557 2806 585 2855 R.
642 2819 683 2854 aa.
703 2799 916 2852 κινδυνεύσειεν
933 2802 962 2850 R.

56 2955 57 2958 ,
73 2901 117 2954 sed
129 2905 159 2956 in
170 2903 276 2972 plateas
288 2903 436 2956 multitudo
449 2904 602 2957 confluebat
614 2903 762 2956 insolentia
772 2902 947 2972 novitateque
963 2903 1002 2954 rei
1016 2901 1087 2952 ultra
1099 2919 1159 2955 mo-

72 2971 132 3024 ‹lum
147 2975 279 3045 perculsa.
316 2976 435 3035 Me-vero
449 2993 559 3047 quoque
573 2979 662 3046 ipsum
676 2973 873 3042 (commorabar
887 2972 960 3022 enim
971 2972 1009 3023 ibi
1023 2982 1080 3022 tum
1091 2981 1159 3024 tem-

71 3047 142 3122 poris
168 3046 228 3096 eius
253 3045 412 3114 disciplinae
436 3063 533 3110 causa,
560 3063 630 3116 quae
654 3045 774 3096 studium
800 3045 866 3095 iuris
891 3043 1041 3113 praecedit)
1070 3053 1158 3096 metus
1233 3089 1240 3097 .

70 3116 238 3179 lacessebat,
269 3122 438 3184 reputantem
467 3133 593 3180 mecum,
622 3114 696 3186 quod
727 3113 835 3165 tametsi
869 3113 980 3182 exiguus
1013 3111 1158 3167 admodum

70 3184 116 3238 ille
142 3195 235 3237 motus
267 3194 353 3248 esset,
385 3186 506 3239 aedificia
525 3194 615 3238 tamen
644 3187 712 3256 ¹ipsis
737 3192 829 3239 essent
852 3199 942 3254 neque
969 3185 1044 3235 firma
1068 3201 1157 3256 neque

71 3258 175 3326 ampla,
199 3273 325 3327 quaeque
348 3274 473 3309 succussa
497 3274 532 3308 ne
557 3257 695 3309 tantillum
722 3256 832 3327 quidem
858 3256 987 3324 temporis
1011 3253 1159 3309 subsistere

71 3334 199 3394 possent,
218 3335 250 3377 ut
268 3345 362 3397 parum
380 3327 471 3382 ualida
497 3345 528 3381 ac
550 3328 636 3382 firma.
673 3327 796 3396 Simplici
821 3325 894 3378 enim
909 3326 993 3378 latere
1012 3335 1076 3377 sunt
1093 3344 1160 3378 con-

69 3401 152 3452 texta.
180 3395 398 3450 Timebantvero
409 3399 493 3451 etiam
507 3407 643 3469 quotquot
656 3399 685 3449 in
702 3397 770 3450 urbe
782 3395 917 3449 erontviri
929 3396 1011 3462 docti,
1024 3413 1080 3448 non
1093 3405 1160 3461 tam,

68 3469 109 3519 uti
122 3464 257 3530 arbitror,
273 3476 363 3520 motus
383 3471 437 3520 iam
459 3469 599 3538 praeteriti
612 3487 708 3534 causa,
733 3467 781 3521 secl
799 3464 874 3538 quod
892 3467 1039 3519 verisimile
1051 3466 1160 3520 videre-

69 3541 111 3588 tur
120 3537 176 3589 hoc
190 3536 280 3606 ipsum
301 3540 399 3591 iterato
418 3546 585 3592 eventurum.
631 3540 688 3608 Qui
711 3540 784 3591 enim
801 3537 884 3589 huius
903 3539 969 3588 mali
989 3554 1078 3589 causas
1099 3553 1159 3588 esse

68 3604 164 3658 dicunt
181 3605 366 3662 exhalationes
375 3608 505 3680 quasdam
519 3610 600 3662 siccas
615 3610 717 3678 pariter
732 3618 760 3661 et
772 3611 903 3669 fumosas,
930 3606 980 3685 sub
993 3615 1079 3658 terrae
1092 3623 1158 3656 con-

68 3678 184 3729 cavitate
203 3678 321 3746 clnusas;
347 3696 463 3751 cumque
482 3680 562 3732 facile
584 3680 679 3731 difflari
695 3688 849 3750 nequeant,
877 3675 1063 3728 vehementius
1081 3676 1156 3726 intus

68 3748 273 3809 circumvolutus
289 3748 424 3821 quidquid
439 3763 519 3819 supra
532 3750 673 3819 impendet
685 3758 839 3810 concutere,
859 3748 946 3800 donec
961 3746 1090 3797 violentia
1105 3745 1157 3795 im-

68 3827 145 3885 petus
161 3818 309 3872 fatiscente
320 3829 348 3872 et
359 3821 473 3873 cedente
487 3837 613 3889 compage
625 3821 655 3871 in
670 3828 792 3888 apertum
804 3820 941 3870 ferantur:
959 3815 1005 3885 qui
1023 3814 1099 3877 haec,
1112 3817 1158 3866 in·-

70 3905 158 3957 quam‚
173 3888 208 3939 δε
225 3898 411 3942 terraemotus
426 3899 520 3942 natura
532 3892 677 3953 disserunt,
691 3897 812 3942 auctores
826 3884 1009 3954 suntAegypti
1018 3886 1158 3952 regionem

69 3971 209 4028 nunquam
223 3967 396 4012 terraemotu
413 3962 522 4013 concuti
537 3962 633 4023 solere,
652 3969 746 4029 utpote
761 3958 892 4009 humilem
903 3954 1046 4006 admodum
1054 3962 1085 4005 'ct
1096 3956 1159 4024 pln-

70 4041 144 4092 uam,
173 4031 341 4102 minimeque
360 4047 547 4093 cavernosam,
565 4030 685 4100 ideoque
709 4029 842 4082 eiusmodi
862 4024 1080 4077 exhalationibus
1101 4041 1158 4075 non

71 4099 188 4167 oppleri;
208 4102 306 4152 sivero
323 4101 425 4169 aliquas
442 4102 555 4153 intrase
571 4100 719 4169 concipiat,
738 4116 781 4150 eas
791 4099 863 4166 ipsas
882 4112 929 4146 sua
942 4103 1038 4165 sponte
1053 4090 1088 4146 ob
1101 4103 1163 4144 ter-'

73 4178 112 4221 rae
128 4168 274 4222 laxitatem
294 4169 402 4222 assidue
417 4187 571 4241 evaporare.
612 4165 681 4223 Cum
696 4186 760 4226 vero
779 4175 837 4220 tum
856 4166 991 4237 temporis
1011 4181 1044 4219 ea
1063 4164 1157 4235 opinio

95 4292 109 4336 f
130 4248 276 4338 Agathino.
904 4275 920 4327 7
1005 4261 1012 4277 '
