2738 4816
206 227 232 284 X
629 219 863 283 PRAEFATlO.

207 374 342 442 conspirat
365 374 441 444 pauci
465 370 576 443 quidam
597 388 662 442 quos
685 381 756 425 corta
774 373 876 425 ratione
902 370 1066 427 ooniiolendi
1090 373 1175 426 sanari
1197 389 1279 444 posse

207 477 360 548 apparebat.
404 476 467 528 Diri
485 492 581 545 supra,
606 493 654 526 usu
674 473 854 544 liehdigerani
876 455 977 528 codicis
1007 474 1143 528 evanuisse
1169 476 1280 531 laudem

206 580 326 634 criticam
344 595 423 649 quam
441 595 474 629 ex
493 576 545 630 hoc
569 576 668 630 edendi
692 575 784 629 labore
801 577 939 647 percipere
969 577 1137 648 aliquatenus
1164 580 1279 632 fortasse
1324 548 1344 586 'l'

140 705 143 709 ·
205 687 368 755 potuissem:
413 682 445 734 de
463 700 516 753 qua
535 686 569 734 re'
586 682 694 734 silerem
712 681 823 736 omnino
842 664 897 734 nisi
917 680 1154 752 reprehensionem
1172 698 1281 736 vererer·

205 788 307 840 nullam
325 787 382 840 fere
400 802 485 838 meam
502 788 531 838 in
550 803 582 838 eo
603 801 730 857 apparere
750 802 866 855 operam.
909 785 1007 844 Libere
1031 764 1128 851 dicam·
1139 784 1277 857 quomodo

207 908 249 945 res
267 908 295 944 se
313 891 410 944 habet:
435 890 516 943 modo
539 891 611 943 nuda
635 888 774 944 divinandi
791 892 837 955 vi,
864 889 945 943 modo
963 891 1095 946 versionis
1106 889 1278 950 ,adminiculo

205 1013 261 1048 non
279 1012 364 1065 pauco
382 1001 454 1048 recte
474 996 657 1068 conieceram‚
680 994 788 1048 lacunas
810 1011 920 1074 qnoque
939 995 1089 1065 supplendo
1116 973 1296 1045 sarcieramz'

205 1097 238 1150 dc
257 1097 355 1168 quibus
372 1114 501 1163 monere,
526 1115 567 1150 ea»
580 1115 634 1168 quo
652 1105 724 1151 certa
738 1115 798 1168 pro
819 1099 981 1155 coniecturis
1000 1097 1187 1170 suppeditavit
1203 1094 1277 1148 Reh-

204 1199 354 1279 digeranus,
373 1203 429 1256 sive
448 1201 544 1266 eadem¹
559 1204 641 1273 plane
661 1205 716 1256 sive
734 1202 858 1267 meliora,
878 1204 1041 1272 contempsi.
1057 1201 1211 1252 haudemne
1223 1215 1277 1261 ,cab-

201 1308 306 1372 ptarem
322 1320 365 1356 me
383 1307 442 1374 ipso
459 1305 525 1359 facti
541 1305 630 1358 teste?
670 1305 740 1367 Tum
755 1320 836 1370 vero,
860 1311 891 1356 ut
907 1303 938 1356 id
952 1283 1118 1374 saltempro
1137 1303 1189 1363 viri
1207 1302 1278 1356 boni
1352 1308 1354 1315 '

201 1403 295 1458 indole
316 1407 374 1460 fieri
397 1416 504 1477 posset,
530 1424 561 1460 ea
588 1424 696 1479 quoque
721 1382 1079 1460 indicandasuissentubi
1103 1421 1148 1457 me
1173 1422 1277 1472 errasse

203 1507 365 1576 apparebat:
386 1491 531 1582 uirumque
549 1510 607 1564 sine
623 1509 680 1563 ullo
699 1511 850 1565 litterarum
868 1509 967 1567 fructu.
994 1508 1055 1561 Alia
1067 1510 1135 1562 ratio
1155 1508 1185 1560 in
1202 1524 1277 1560 com-

205 1611 386 1664 memorandis
407 1611 528 1666 Classeni
546 1614 708 1667 coniecturis
728 1613 790 1667 luit
811 1612 867 1684 Qui
883 1614 942 1680 ipse
959 1629 1049 1664 meum
1065 1610 1219 1681 exemplum
1233 1628 1278 1662 se·
1341 1659 1344 1674 ,

207 1720 316 1765 cuturus
334 1730 362 1764 se
380 1690 515 1778 nominari
532 1717 686 1768 recusabat:
712 1721 793 1784 atque
818 1732 834 1766 a
856 1730 899 1766 me
917 1709 1099 1768 contendebat
1124 1722 1157 1767 ut
1182 1712 1278 1765 cadem

200 1813 261 1882 lege
285 1831 366 1884 quam
391 1815 459 1867 mihi
483 1812 646 1885 scripsissem
672 1834 700 1887 se
726 1833 838 1887 quoque
855 1816 973 1870 metirer.
1020 1818 1120 1871 Verum
1140 1834 1278 1870 assensum

121 1982 123 1989 s
177 1958 180 1959 ν
201 1912 302 1970 extorsi
324 1918 481 1970 auctoritate
505 1935 565 1976 mea
584 1918 677 1972 iuveni
694 1919 822 1988 pudenti:
850 1919 973 1974 utillum
992 1925 1020 1970 et
1039 1918 1184 1989 philologis
1203 1936 1278 1972 corne
1305 1940 1312 1951 ⁴

127 2057 136 2068 .
201 2022 357 2074 mendarem
383 2029 411 2074 et
427 2021 491 2077 viris
508 2022 658 2078 illustribus
682 2025 731 2093 qui
749 2038 805 2076 rem
823 2021 963 2092 publicam
980 2022 1212 2092 Hamburgensem
1234 2031 1278 2076 tc-

201 2101 275 2176 nent.
294 2124 456 2194 Argumenta
470 2123 603 2178 librorum
618 2127 785 2195 conscripsit,
805 2123 964 2196 iudicesque
983 2125 1102 2178 confecit
1114 2126 1188 2178 idem
1199 2119 1280 2179 Clas?

200 2246 293 2293 senus,
317 2246 350 2280 ex
367 2229 466 2300 quibus
484 2230 528 2282 illi
542 2231 590 2300 qui
607 2246 648 2283 res
668 2238 696 2282 ct
711 2231 821 2284 nomina
840 2228 1029 2298 complectitur
1043 2246 1129 2299 pauca
1146 2230 1278 2302 quaedam

200 2331 337 2402 adscripsi.
360 2333 536 2398 Accentuum,
554 2333 817 2407 orthographiaeque
830 2336 962 2388 rationem
977 2333 1169 2389 stabiliendam
1185 2351 1278 2413 susce-

196 2436 239 2505 pit
262 2437 292 2488 in
319 2454 348 2488 se
373 2437 528 2507 Schopenus
546 2456 635 2492 mens:
664 2440 698 2492 dc
723 2441 799 2492 cuius
822 2438 945 2492 doctrina
970 2448 1052 2510 atque
1074 2441 1184 2510 ingenio
1208 2455 1281 2509 quae

196 2543 326 2603 sentiam,
346 2534 397 2592 hac
410 2519 613 2613 opportunitate
631 2562 695 2596 usus
712 2545 910 2614 praedicarem,
929 2545 983 2597 nisi
997 2544 1064 2596 haec
1076 2559 1184 2612 quoque
1197 2558 1278 2610 prse-

148 2676 149 2679 =
196 2642 262 2695 satio
287 2652 429 2714 antequam
447 2644 519 2699 liber
536 2648 566 2700 in
588 2648 729 2718 publicum
747 2651 886 2702 emittatur
905 2648 939 2700 ab
959 2666 991 2701 eo
1008 2645 1179 2717 inspicienda
1197 2652 1277 2710 esset,

196 2746 436 2818 praevideremque
454 2755 522 2802 tuno
545 2767 608 2802 eum
625 2768 727 2803 summa
744 2768 796 2822 ope
812 2759 992 2822 pugnaturum
1009 2767 1068 2805 esse
1084 2759 1116 2803 ut
1133 2750 1181 2801 illa
1198 2748 1276 2801 delc-

194 2863 257 2899 rem.
305 2850 331 2900 Is
348 2850 431 2919 igitur
446 2858 533 2904 totum
550 2853 760 2921 Byzantinorum
780 2872 871 2925 opus,
895 2862 1029 2924 quatenus
1052 2856 1083 2906 in
1101 2854 1154 2907 hoc
1172 2852 1275 2922 oppido
1350 2904 1352 2909 ,

194 2954 267 3021 typis
280 2952 454 3019 exscribetur,
465 2956 505 3007 ita
516 2956 711 3022 moderabitur,
724 2965 762 3009 nt
777 2957 893 3027 singulas
907 2957 1028 3028 plagulas
1046 2965 1188 3020 correctas,
1196 2963 1276 3007 ante-

195 3072 276 3126 quam
305 3057 355 3108 sub
372 3059 476 3126 prelum
495 3060 695 3127 immittantur,
724 3061 760 3113 ad
778 3079 889 3116 examen
911 3071 1020 3117 revocet
1028 3081 1041 3130 ;x
1060 3066 1139 3133 isque
1161 3067 1191 3109 ut
1210 3075 1275 3109 con·

196 3166 267 3210 stans
287 3161 317 3210 in
335 3161 492 3213 accentibus
518 3172 547 3216 ct
563 3163 755 3235 orthographia
777 3175 898 3222 servetur
921 3167 990 3217 ratio
1008 3136 1138 3216 curabit..
1164 3161 1274 3212 Tenen·

195 3260 255 3312 dam
275 3269 364 3313 autem
381 3262 436 3314 sibi
452 3268 595 3333 proposuit
619 3284 677 3320 eam
694 3285 763 3340 quae
782 3269 846 3322 viris
864 3267 1017 3337 primariis,
1036 3264 1085 3335 qui
1099 3263 1274 3315 cummaxime

197 3347 313 3432 graecos*
323 3365 408 3420 libros
423 3367 521 3432 edunt,
542 3369 652 3438 placuit.
671 3371 726 3440 Ego
744 3374 817 3434 vero,
837 3371 861 3422 si
881 3368 988 3421 arbitrii
1004 3367 1059 3419 mei
1079 3374 1157 3429 esset,
1178 3366 1274 3435 vulga-

197 3484 253 3519 rem
274 3470 367 3538 potius
387 3487 540 3536 servassem,
557 3491 637 3544 qnam
652 3473 748 3526 Graeci
764 3472 848 3525 hodie
865 3479 1022 3543 sequuntur.
1041 3472 1185 3541 Perspecta
1200 3477 1275 3522 certe
1360 3519 1366 3526 .

125 3631 127 3635 Α
197 3586 238 3622 res
252 3580 301 3635 est,
318 3571 414 3626 horum
430 3578 543 3643 maiores
557 3577 611 3629 iarn
621 3576 691 3629 inde·
703 3594 719 3627 a
735 3576 840 3649 saeculo
861 3575 893 3628 Χ.
914 3574 1003 3642 apices
1017 3576 1092 3627 inter
1104 3573 1277 3627 scribendum

174 3675 180 3686 ‘
198 3676 369 3742 apposuisse,
386 3677 426 3733 ita
446 3687 479 3730 ut
496 3677 693 3747 pronuntiandi
708 3675 820 3728 modum
835 3679 1017 3729 efformarent:
1042 3676 1135 3746 itaque
1151 3675 1201 3729 hos
1220 3676 1274 3729 sal-

197 3785 253 3829 tem
267 3779 368 3834 libros:
385 3782 503 3847 Annam,
518 3782 649 3845 Nioctanr,
671 3786 788 3833 ceteros:
806 3780 836 3832 in
854 3780 1010 3833 accentibus
1029 3779 1064 3833 ad
1075 3779 1272 3832 Alexandrino-

198 3897 255 3931 rum
272 3887 505 3952 grammaticorum
524 3902 638 3937 canones
657 3900 797 3948 revocare,
818 3885 887 3938 mihi
900 3885 1012 3956 quidem
1030 3903 1086 3939 non
1100 3885 1154 3938 alio
1167 3882 1273 3936 ratione

196 3984 255 4036 fieri
274 3987 380 4040 videtur
401 3988 527 4058 quamsi
550 3990 580 4040 in
604 3983 714 4041 Latinos
731 3989 846 4043 ultimae
863 3993 958 4044 aetatis
982 4008 1044 4044 enm
1063 3987 1271 4058 orthographiae

196 4089 306 4142 modum
320 4093 449 4145 inducere
466 4094 584 4161 placeret
603 4111 618 4150 a
637 4112 689 4163 quo
707 4095 854 4149 >inPlauto
873 4095 1089 4167 recederenefas
1106 4095 1183 4149 ioret
1201 4089 1274 4159 Aga«
