2730 4816
382 245 784 317 distendamus.
918 198 946 217 ⁷
1081 246 1131 328 λλ

78 390 154 487 ύγρίφ
171 420 204 463 τε
223 397 280 464 καί
297 392 492 484 γεγηρακύτι,
521 404 669 487 προσάγει
690 402 732 487 τῷ
749 399 876 485 πύργιρ,
892 394 940 463 ’δν
953 398 993 481 ’δη
1014 395 1069 462 ἐπί·
1081 397 1169 481 τῆςλ.
1184 409 1212 460 c.
1229 411 1280 480 553

31 537 33 543 s
76 497 191 582 γεφύρας
208 497 240 561 οἱ
259 498 398 583 Φρύγγυι
419 501 589 582 ἐτύγχανον
609 500 856 584 ἐξειργασμένοι,
881 490 963 583 ᾗπέρ
977 521 1032 577 μοι
1048 483 1189 581 cipe-1⁴·
1205 494 1244 548 ’λ’

75 618 117 657 τοι
132 595 287 682 πρότερον.
308 594 363 659 καί
376 589 434 662 ούν
447 600 587 662 ἐνταῦθα
604 594 822 683 προσπελάσας
837 595 894 680 την
906 592 1043 678 ἅμαξαν,
1071 596 1135 679 πύρ

74 693 198 775 ἐμβάλλει
223 697 267 783 τιρῖ
289 693 407 784 χύρτερ,
433 694 578 781 μεγίστης
604 699 639 761 δὲ
659 692 774 782 φλογὸς
797 694 942 779 ἐξαπίνης
968 695 1128 782 ἀρθείσης,

61 791 170 880 tipum
193 787 303 858 ἅπασα
328 794 348 879 ἦ
371 796 477 880 τύρσις
495 793 717 882 ἐνεπιμπρατο,
754 789 857 878 dvctv)
889 794 989 872 ’ξύλοις
1007 798 1139 859 ἐσκευα

72 895 161 976 ομένη.
182 891 213 957 οἱ
234 896 270 958 δὲ
289 885 402 979 ἄνδρες
417 898 479 958 τῶν
495 897 666 980 βαρβάρων
690 892 795 960 ὁπόσοι
819 896 873 959 ἐπί
889 894 1014 981 φρουρᾷ
1031 891 1137 957 ἐτετᾶ·

69 1014 147 1072 γατο,
167 989 278 1076 ἐπειδη
292 990 471 1072 ἀμύνεσθαι
487 985 544 1056 ούκ
559 993 711 1078 ἤδύναντο
720 1045 730 1076 ,
764 987 833 1057 αλλ’
848 986 907 1077 ἤδη
928 999 987 1055 που
1004 988 1059 1054 καί
1074 983 1135 1054 αύ-

69 1091 107 1154 τοί
120 1097 351 1178 πυρπολεῖσθαι
369 1084 519 1176 ἤμελλον,
549 1092 687 1176 ἔγνωσαν
703 1099 851 1174 μεθεῖναι
872 1091 907 1156 τὸ
927 1089 1055 1177 χωρύνν,
1081 1092 1166 1155 καίΒ

70 1184 94 1250 οἱ
107 1193 162 1270 μὲν
181 1189 274 1271 μόλις
298 1191 425 1255 ἐνθένδε
442 1191 649 1269 διεκπεσόντες
670 1190 736 1256 ἐπί
761 1189 798 1256 τὸ
814 1193 905 1278 σφῶν
930 1187 1142 1275 στρατόπεδον
1189 1258 1191 1262 ,

45 1289 312 1374 λθκαταφεύγουσιν·
349 1287 380 1353 οἱ
399 1292 435 1354 δέ
467 1291 623 1372 Ῥωμαῖοι
650 1293 704 1374 τῆς
729 1293 869 1376 γεφύρας
891 1292 1047 1375 ἐγκρατεῖς
1071 1290 1137 1370 ἐγε-

66 1387 182 1470 γένηντο.
237 1388 362 1452 Τούτων
386 1389 421 1453 δὲ
444 1384 527 1453 οδτιο
548 1393 816 1472 ξυνενεχθέντονν,
846 1388 958 1452 αύτίκα
981 1385 1009 1450 οἱ
1028 1387 1138 1471 Φρύγ-

65 1507 102 1564 γει
112 1487 268 1570 ταραχῆς,
294 1485 338 1564 ὥς
357 1485 391 1552 τὸ
418 1487 515 1570 εἰκὸς,
543 1491 786 1569 ἐνεπίμπλαντο,
816 1487 871 1561 καί
891 1487 969 1572 πρὸς
995 1484 1033 1564 τα
1056 1480 1137 1551 ὅπλα
1152 1544 1161 1548 ,7

65 1584 201 1671 ἐχώρουν.
230 1585 442 1672 σφαδάζοντες
460 1590 503 1676 τῷ
523 1591 618 1674 θυμῷ
639 1591 693 1652 καί
712 1589 897 1667 λυττῶντες,
936 1588 1077 1668 κατέχειν
1101 1605 1136 1647 τε

64 1679 231 1762 ἒνὲαυτοῖς
255 1684 296 1749 τὰ
324 1687 511 1773 φρονήματα
535 1687 591 1752 ούκ
613 1684 766 1771 ἠδύναντο
773 1737 784 1768 ,
821 1679 901 1750 ἀλλὰ
921 1682 1083 1769 τολμητίαι
1100 1706 1136 1768 γε
1246 1758 1253 1771 ί

38 1771 129 1864 lisinas
147 1785 228 1869 πέρα
243 1786 301 1848 τού
315 1786 442 1871 μετρίου
459 1785 513 1850 καί
527 1784 717 1872 θαρραλέοι,
739 1785 782 1861 οἷς
800 1788 909 1870 μηκέτι
925 1778 1053 1870 ἠρεμεῖν
1063 1785 1137 1848 ε’θέ-
1150 1796 1180 1850 V.
1202 1801 1231 1854 λι

61 1881 199 1967 λεινμὴδε
215 1886 403 1967 διαμέλλειν,
421 1880 489 1948 ἄλλ’
503 1884 687 1970 αύθημερόν
697 1883 1028 1970 παρατύττεσθαιῄκαί
1036 1883 1136 1948 ταῦτα

59 1984 273 2068 προειρημένον
295 1977 399 2060 αύτοῖς
418 1983 480 2048 ύπὸ
499 1986 562 2047 τῶν
591 1985 812 2065 Ἀλαμανικολν
832 1985 991 2064 μάντεων,
1011 1981 1055 2067 μὴ
1073 1985 1146 2049 δεῖν.
1187 1976 1189 1979 ’

58 2079 165 2166 ἐκεινης
176 2085 232 2164 τῆς
247 2082 368 2168 ἡμέρας
384 2081 612 2167 διαμάχεσθαι,
633 2076 654 2168 ἢ
663 2080 842 2166 γιγνιύσκειν
859 2082 903 2159 ὡς
919 2075 1019 2168 ίίρδην
1037 2076 1144 2147 duom*

56 2199 97 2255 τες
115 2176 313 2245 &notatum
349 2177 439 2263 οἶμαι
456 2186 515 2263 μὲν
534 2175 590 2248 ούν
606 2183 636 2245 εἰ
652 2180 708 2246 καί
725 2185 762 2269 τῇ
781 2178 933 2270 ύοτεραίφ
953 2173 974 2265 ἢ
992 2178 1048 2244 καί
1062 2184 1146 2269 καθ’;

26 2271 156 2364 astruas
175 2281 196 2363 ἦ
217 2279 354 2365 ’ξυμβολη
374 2282 505 2365 ἐγεγόνει
511 2332 521 2364 ,
551 2281 677 2357 πάντας
704 2275 743 2345 ι’ίν
767 2281 859 2346 τούτο
887 2283 985 2360 ἐκεῖνο
1006 2278 1165 2352 insuda-c

52 2378 164 2460 θεοαν,
187 2372 260 2463 ὅπερ
283 2377 338 2443 καί
350 2381 384 2444 ἐν
402 2382 445 2468 τῷ
457 2379 524 2444 τότε
538 2374 648 2464 ἆπέβη.
670 2377 706 2444 ού
727 2377 786 2467 γὰρ
810 2381 849 2464 δη
868 2403 928 2444 που
944 2380 964 2462 ἦ
979 2381 1038 2462 τῆς
1056 2378 1135 2461 ἦμέ-

52 2500 106 2560 ρας
121 2476 275 2562 ἐναλλαγη
299 2471 483 2565 ἀπέχρησεν
497 2474 535 2545 δν
552 2479 660 2556 αύτοῖς
678 2482 710 2555 ἐς
727 2479 762 2543 τὸ
776 2477 821 2562 μη
840 2474 915 2561 ούχί
933 2474 1042 2560 ποινὰς
1056 2477 1148 2544 εἰπο-Δ

117 2599 138 2634 ι.
160 2580 236 2632 Suid.
256 2598 275 2632 s.
301 2597 324 2630 v.
345 2583 537 2652 σεσαγμένηνε
564 2581 744 2653 παρεισάγει.
811 2581 837 2647 4.
856 2583 988 2646 ἐξαπίνης
1010 2583 1049 2641 λλ,
1073 2578 1134 2639 ἰξα-

114 2653 239 2707 πιναίως
251 2652 323 2720 vulg.
387 2670 425 2704 το.
442 2654 587 2722 ἐγκρατεῖς
605 2654 664 2706 add.
686 2671 719 2704 ex
731 2654 777 2714 λλ,
797 2653 880 2721 Intpr.
892 2653 1011 2706 Romani
1024 2653 1133 2704 evesti-

114 2723 255 2792 gioponte
269 2723 432 2791 potientem
449 2724 525 2779 addit
541 2726 624 2795 igitur
638 2720 735 2780 εὐθύς.
753 2722 829 2775 λλολε,
844 2727 913 2774 coni.
929 2721 1034 2793 κύριοι.
1093 2739 1131 2774 12.

113 2793 325 2861 ἐνεπίμπλαντο
347 2795 385 2857 λλ,
405 2794 619 2867 ἐνεπίμπλαντο
635 2797 705 2865 vulg.
764 2797 801 2848 16.
822 2791 985 2864 διαμέλλειν
1008 2795 1052 2854 R.‚
1069 2788 1131 2840 δια-

113 2863 212 2932 μέλειν
228 2864 297 2930 VUlg·
362 2882 403 2918 2⁰·
422 2864 527 2923 πάντες
541 2869 569 2919 Β.
651 2884 692 2918 κα.
711 2865 750 2936 μή
764 2863 831 2933 ούχὶ
845 2867 890 2927 lt,
908 2864 947 2932 με)
958 2859 994 2912 ού
1008 2864 1078 2930 vulg.

40 2963 95 3018 luis
111 2967 239 3036 plaustris
251 2985 336 3020 unum
353 2971 440 3022 multo
461 2972 542 3023 rurali
556 2972 687 3042 aridoque
706 2971 788 3022 foeno
807 2976 933 3020 onustum
950 2968 1018 3018 turri
1036 2964 1129 3017 admo-

38 3046 107 3099 vet,
126 3055 206 3106 quam
221 3039 317 3090 Franci
333 3041 362 3091 in
374 3049 458 3109 ponte
471 3051 672 3105 exstruxerant,
699 3043 775 3092 euius
788 3057 868 3109 supra
885 3040 1053 3089 mentionem
1067 3038 1129 3088 feci.

35 3102 103 3158 lios
117 3110 210 3177 itaque
221 3110 341 3177 plaustro
357 3113 395 3161 ita
415 3110 449 3162 ad
467 3114 563 3164 turrim
575 3113 693 3176 admoto,
715 3114 805 3181 ignem
817 3111 899 3172 foeno
915 3109 1045 3161 immittit.
1083 3109 1130 3160 In-

34 3181 118 3246 genti
131 3195 195 3230 vero
209 3180 312 3231 flamma
329 3190 442 3250 repente
457 3184 578 3246 sublata,
597 3183 676 3234 facile
697 3186 821 3234 universa
833 3183 913 3232 turris
929 3187 1024 3248 utpote
1041 3180 1132 3246 lignea

35 3249 224 3318 conflagravit.
262 3252 341 3321 Tum,
352 3251 460 3304 barbari
477 3262 613 3324 quotquot
630 3255 660 3304 in
680 3254 738 3304 eius
753 3252 889 3320 praesidio
906 3250 1132 3311 crant‘c'olloeati,

32 3336 102 3370 eum
124 3337 183 3370 eam
201 3323 272 3372 tueri
291 3340 347 3374 non
372 3333 499 3392 possent,
526 3326 634 3395 ipsique
651 3323 780 3375 incendio
804 3323 853 3375 illo
870 3322 986 3392 perituri
1002 3321 1130 3372 videren-

31 3393 101 3452 tur,
122 3393 267 3442 stationem
280 3393 456 3446 ‹leserendam
469 3403 650 3461 censuerunt,
666 3412 697 3446 ae
712 3394 861 3445 difficulter
873 3393 984 3464 quidem
1000 3391 1064 3443 inde
1079 3391 1130 3442 de-

26 3453 126 3528 lapsi,
144 3461 179 3511 ad
197 3465 344 3514 exercitum
360 3468 480 3533 ipsorum
496 3467 690 3536 confugerunt3
711 3467 823 3519 Romani
836 3481 899 3517 vero
917 3471 1001 3533 ponte
1014 3463 1129 3532 potiun-

30 3535 94 3581 tur.
113 3532 163 3581 His
175 3534 213 3583 ita
221 3537 338 3602 peractis
350 3537 445 3587 Franci
465 3539 555 3587 statim
566 3538 694 3598 tumultu,
707 3537 749 3587 uti
767 3553 816 3604 par
832 3545 897 3598 erat,
912 3535 988 3604 pleni
1007 3532 1042 3583 ad
1057 3547 1131 3582 arma

28 3600 203 3664 convolant,
226 3604 373 3657 frementes
392 3608 432 3658 ira
448 3615 476 3657 et
492 3607 596 3668 rabidi,
623 3616 651 3658 et
669 3624 771 3660 summa
786 3608 869 3659 animi
885 3604 1047 3674 impotentia
1069 3619 1129 3652 eor-

25 3673 131 3738 lepti‚
149 3674 275 3744 ultraque
288 3675 398 3727 modum
417 3677 530 3736 audaces
544 3687 572 3728 et
587 3678 767 3746 praefidentes
782 3696 838 3729 non
850 3677 920 3728 ultra
935 3672 1131 3743 quiescendum

30 3742 96 3793 sibi
108 3744 274 3807 censebant,
292 3744 382 3816 nequ'e
393 3747 587 3808 cunctandum,
604 3748 652 3798 sed
667 3765 699 3799 eo
716 3749 776 3816 ipso
794 3749 839 3799 die
855 3745 991 3815 proelium
1005 3743 1130 3792 commit-

28 3812 170 3878 tendum,
189 3818 358 3883 quantumvis
374 3817 543 3869 Alemanniei
557 3825 629 3870 vates
641 3818 841 3886 praedixissent
857 3818 905 3868 illo
925 3815 970 3865 die
983 3811 1131 3881 confligen-

34 3882 107 3933 dum
123 3901 181 3934 non
204 3901 280 3948 esse,
309 3896 356 3939 aut
376 3891 477 3939 scirent
496 3904 525 3938 se
541 3887 575 3939 ad
593 3905 677 3939 uuum
699 3905 793 3940 omnes
810 3890 953 3957 perituros.
988 3886 1043 3953 Ego
1066 3901 1130 3940 sero

33 3952 81 4004 ita
97 3955 240 4018 existimo,
259 3959 377 4009 etiamsi
394 3958 526 4027 postridie
545 3965 592 4008 aut
606 3959 660 4009 alio
676 3959 709 4009 ab
722 3957 837 4010 hoodie
849 3957 984 4027 proelium
1004 3955 1132 4005 commis-

36 4026 232 4089 ammisisset,
254 4028 371 4085 eundem
390 4030 485 4097 plane,
510 4029 556 4097 qui
574 4037 640 4080 tune
658 4029 729 4092 fuit,
758 4033 883 4085 eventum
902 4031 1023 4084 futurum
1036 4036 1130 4088 fuisse.

36 4091 230 4166 Nequeenim
247 4099 328 4147 unius
344 4098 399 4150 diei
415 4100 567 4149 immutatio
581 4097 634 4151 hoc
650 4101 790 4159 effecisset,
807 4115 861 4166 quo
875 4102 965 4153 missus
978 4105 1130 4173 ,impietatis

41 4181 106 4220 suae
123 4167 362 4238 poenas‘luerent,
402 4168 526 4222 Ceterum
550 4170 606 4224 sive
622 4169 674 4223 hoc
688 4171 727 4223 ita
749 4171 882 4233 evenerit,
909 4173 964 4224 sive
979 4176 1059 4228 etiam
1072 4176 1129 4227 sor-
