2738 4816
402 936 946 1095 pransoria

73 1583 75 1587 «
127 1487 293 1621 Agathlae
311 1538 499 1614 historiarum,
524 1566 579 1604 nou
600 1566 711 1622 magnae
734 1549 814 1605 molls
832 1550 914 1616 libri,
933 1569 1005 1606 nunc
1026 1551 1133 1607 demum
1149 1570 1213 1626 μοι

128 1655 189 1708 dire
213 1652 385 1716 editionem,
412 1655 562 1707 Bonnensis
592 1653 781 1708 historicorum
805 1628 1013 1725 Byaautinorum
1044 1656 1213 1715 euueeionir

127 1757 315 1827 principium,
333 1733 414 1808 nemo
433 1773 537 1827 aequos
556 1757 751 1827 reprehendet,
779 1758 924 1814 dummodo
948 1759 1109 1829 compererit
1130 1776 1212 1831 quam

130 1859 232 1912 arduae
255 1858 339 1911 nobis
356 1857 491 1929 hocopus
509 1859 726 1930 aggredientibus
750 1860 909 1915 obstiterint
930 1860 1111 1914 difficultates.
1145 1861 1211 1917 Ete-

130 1966 190 2015 nim
207 1964 237 2016 in
252 1961 365 2033 oppido,
388 1979 421 2015 er
438 1964 512 2018 cuius
532 1964 617 2034 prelis
637 1963 836 2042 typographicis
858 1981 999 2035 uunquam
1019 1973 1097 2017 antes
1109 1964 1212 2019 exisset

131 2066 215 2135 paulo
229 2065 355 2135 grandior
370 2064 441 2118 liber
456 2076 580 2136 graecus,
592 2084 681 2138 neque
706 2076 832 2138 typorum
850 2052 1041 2137 compositores
1054 2069 1084 2120 in
1101 2067 1154 2119 hoc
1163 2083 1210 2138 ge-

129 2185 198 2223 nere
212 2170 276 2220 satis
287 2170 428 2222 exercitati
446 2169 566 2235 aderant,
581 2186 674 2247 neque
687 2177 849 2224 correctores
856 2169 1037 2238 sphalmatum
1054 2187 1105 2221 usu
1125 2169 1209 2234 docti,

129 2275 199 2342 qui,
223 2271 379 2325 moderante
406 2273 569 2343 Schopeuo,
596 2290 761 2344 manumque
788 2274 910 2326 ultimam
935 2276 1011 2343 operi
1040 2271 1210 2339 admovente,

130 2376 198 2428 satis
218 2385 340 2429 accurate
361 2377 536 2448 graviterque
557 2378 588 2430 in
603 2375 657 2431 hoe
675 2377 768 2431 labore
782 2383 962 2433 versarentur.
998 2377 1094 2446 Itaque
1109 2375 1210 2430 tardis-

131 2479 200 2531 sime
213 2479 345 2549 progressi
361 2496 458 2532 aumus.
493 2481 541 2533 Est
555 2489 647 2533 tamen
663 2498 716 2552 quo
732 2496 781 2532 nos
794 2481 926 2535 solemur:
944 2495 1007 2532 uam
1028 2480 1134 2548 ingenti
1154 2485 1211 2532 tae·

131 2581 180 2633 dio
195 2599 225 2632 ac
238 2582 332 2636 labore
349 2584 401 2637 hoc
416 2593 487 2640 certe
504 2585 665 2654 perfecimus
685 2592 721 2637 'ut
745 2585 852 2637 nullum
865 2583 946 2657 pardo
959 2584 1062 2653 gravius
1085 2581 1209 2638 relictum

129 2688 169 2738 sit
189 2687 314 2739 ruendum
327 2689 361 2739 in
376 2690 486 2757 graecis,
505 2697 587 2760 atque
601 2690 632 2741 iu
643 2687 753 2742 scholiis
769 2688 888 2742 criticis:
906 2702 970 2740 nam
981 2687 1014 2739 de
1030 2689 1153 2742 versione
1167 2686 1208 2737 la·

129 2792 201 2852 tina,
215 2807 294 2859 quarn
310 2790 428 2844 abiicere
443 2794 606 2857 maluissem,
620 2810 672 2862 ego
687 2800 762 2846 certe
770 2810 866 2863 parum
880 2792 922 2844 sui
937 2791 1077 2843 sollicitus.
1095 2789 1208 2856 Reliqua

129 2893 182 2945 illu
197 2910 276 2962 quum
292 2893 459 2966 Schopenus,
475 2896 510 2948 ab
529 2898 590 2949 aliis
611 2892 804 2961 incorrecta,
824 2879 1005 2955 emendasset,
1024 2892 1082 2959 ¹9⁸⁶
1107 2896 1207 2959 ‘l'lania

127 2996 211 3065 potui
226 3014 287 3077 eura
305 3014 355 3067 per
370 2999 600 3069 singulas‘litteras
616 3000 766 3068 recognovi.
802 2999 858 3049 Iam
875 3011 937 3052 vero
953 2995 984 3046 in
1000 3001 1139 3064 posterum
1154 2992 1206 3048 hae
1281 2984 1284 2989 ’
1339 3007 1343 3016 ’

88 3100 101 3117 ·
127 3113 273 3154 aerumnae
287 3110 336 3154 aut
352 3111 494 3173 superatae
510 3110 575 3154 sunt
590 3110 638 3154 aut
653 3110 725 3155 certe
738 3101 816 3154 valde
832 3101 1005 3169 imminutre5
1022 3100 1134 3154 invento
1147 3098 1206 3155 viro

126 3203 237 3257 erudito
255 3212 285 3257 et
305 3207 419 3276 impigro
434 3206 481 3278 qui
501 3206 662 3261 correctioni
681 3185 850 3276 plagularurn
869 3209 957 3255 totum
973 3217 1032 3254 sese
1053 3200 1144 3271 dahit;
1168 3202 1207 3263 ita

125 3306 304 3383 quidem,·ut
321 3308 463 3378 Schopeno
481 3308 554 3361 nihil
571 3309 686 3379 amplius
704 3307 852 3365 curandum
875 3303 1012 3361 remaneat
1031 3320 1113 3376 quam
1131 3302 1205 3376 quod

123 3412 187 3464 aliis
204 3411 347 3465 laboribus
364 3411 467 3464 obsitus
481 3414 593 3482 exsequi
610 3413 705 3480 possit.

192 3513 339 3584 Agathiam
354 3515 489 3570 edendum
506 3512 548 3568 ab‘
560 3517 641 3570 initio
654 3515 723 3571 mihi
739 3518 794 3587 ipsi
812 3531 990 3602 sumpseram:
1013 3528 1069 3584 quo
1083 3491 1205 3579 tempore

117 3621 154 3673 de
171 3618 366 3671 huiuscemodi
381 3599 602 3685 diliiculhtibus,
616 3623 710 3694 quales
720 3619 820 3673 deinde
838 3628 972 3690 expertus
981 3633 1050 3679 snm,
1062 3630 1117 3667 non
1131 3611 1204 3682 cogi-

111 3725 232 3789 tabam3
249 3739 282 3774 ac
297 3725 385 3790 simul,
401 3728 503 3780 maiore
515 3727 639 3780 noudum
652 3727 767 3778 excitata
786 3705 849 3795 spe,
869 3723 899 3776 id
913 3723 1000 3776 solum
1013 3718 1082 3772 mihi
1103 3730 1204 3785 propo·

45 3888 51 3894 ,
100 3812 241 3890 arebam,
255 3833 289 3877 ut
298 3828 402 3897 vulgata
417 3829 503 3883 editio
521 3840 655 3902 quatenus
667 3830 821 3884 coniectura
837 3837 920 3900 atque
932 3825 1041 3897 ingenio
1060 3817 1205 3873 sinelibrit

102 3933 216 4007 perfici
237 3938 332 3999 posset
348 3933 552 4002 emendaretur,
580 3937 674 3989 eiectis
688 3934 833 4006 plurimis,
866 3933 915 4004 qui
936 3930 1081 3984 Parisiuam
1099 3921 1203 3976 editio·
1295 3945 1296 3951 ¹

98 4056 175 4096 nem
197 4031 328 4098 foedant,
342 4037 485 4104 erroribus,
503 4040 708 4116 temerariisque
721 4036 921 4096 rorationibus.
957 4035 1084 4103 legeram
1093 4026 1203 4088 librum.
