2730 4816
229 226 319 328 reci
672 246 882 316 termus
932 208 934 212 ³

94 421 124 474 Α.
134 420 167 474 c.‘
180 419 228 489 554
238 427 271 470 τε
291 400 631 471 mussemutinae
651 404 708 469 τοῦ
723 399 847 485 όμιλου,
868 397 923 466 καὶ
936 395 1041 467 τοόνυν
1056 402 1185 468 ἐνθένδε
1199 397 1236 465 τό
1250 401 1317 465 τῶν

121 492 370 585 ΗᾶὅΚόλχτον
389 502 582 585 κατάγεσθαι
600 503 703 588 γένος.
724 503 816 566 τοότο
834 502 869 565 ti
886 495 1046 585 Διόδωρός
1061 502 1097 565 τό
1117 498 1240 586 φησινό
1259 503 1317 563 Σι-

232 599 379 687 κελιώτης
398 601 453 666 καί
470 594 557 666 άλλοι
574 603 618 680 ὥς
633 608 772 666 πλεῖστοι
793 600 1015 664 τῶνπαλαιῶν
1052 595 1315 685 ἱστοριογράφων.

233 703 268 775 οἳ
278 697 316 785 δι’]
333 694 398 781 οόν,
412 698 474 765 εἴτε
484 703 601 782 Aulai,
619 698 679 765 εἴτε
700 700 832 780 Κόλχοι,
852 693 913 764 εἴτε
928 696 1314 781 Αἰγόπτιοιμετανάσται,

229 797 442 905 περιμάχητοι
455 799 490 864 ἐν
509 801 646 886 τῷκαθ
662 799 747 884 ἡμᾶς
762 799 941 882 γεγένηνται
955 796 1073 884 χρόνῳ,
1094 793 1150 859 καί
1171 793 1334 860 πλεῖστοιὸ

230 895 429 981 &ossone
447 899 503 983 τῆς
516 896 637 962 τούτων
651 919 685 981 γε
707 898 796 962 ἕκατι
813 898 1062 980 καταβέβληνται
1075 893 1194 981 χώρας.
1226 898 1317 958 Χοσ-

228 995 304 1083 ρόης
322 1020 357 1061 τε
372 995 430 1083 γάρ
446 995 462 1062 ό
480 999 618 1082 Περσῶν
636 997 785 1079 βασιλεὺς
807 981 873 1080 ἤδη
887 993 988 1058 πολλά
1010 994 1065 1058 καί
1085 992 1315 1080 ἐπικαιρότατα

228 1098 292 1161 τῶν
316 1094 416 1184 ἐκείνη
437 1094 566 1180 χοιρίων
593 1092 858 1181 σφετερισάμενος
883 1096 1112 1178 καί“’κατέχοον,
1145 1093 1203 1158 οάκ
1233 1086 1315 1182 ᾤετο

229 1195 296 1260 δεῖν
308 1198 464 1276 μεθιέναι,
485 1190 564 1258 άλλά
581 1192 636 1258 καὶ
645 1190 691 1260 τά.
701 1191 794 1258 λοιπά
810 1190 1032 1280 χειρώσασθαι
1049 1196 1203 1275 διενοεῖτο,
1222 1185 1313 1259 Ἰου-

227 1294 376 1380 στινιανηῖ
385 1313 420 1356 τε
435 1295 480 1379 τῷ
491 1293 661 1376 Ῥοιμαιλον
676 1289 882 1379 αὐτοκράτορι
896 1289 1131 1377 καταπροέσθαι
1143 1295 1174 1356 Γ
1174 1290 1359 1375 ουβάζηνια

131 1415 159 1471 p,
183 1413 218 1474 50
229 1389 416 1470 abuAaCsiv
430 1393 463 1456 ἐν
476 1393 520 1479 τῷ
535 1389 602 1456 τότε
619 1391 772 1476 βασιλέα,
793 1390 848 1456 καί
861 1386 945 1458 ἅπαν
963 1389 997 1457 τό
1017 1389 1118 1474 ἔθνος,
1140 1389 1314 1474 κατηκόους

126 1486 130 1494 ’
226 1483 317 1567 όντας
344 1492 400 1554 καί
423 1480 534 1566 τόνους
554 1492 610 1555 καί
621 1489 659 1555 τά
680 1480 818 1568 ἐςῗθεόν
850 1488 1069 1574 ὁμογνώμονας
1074 1541 1086 1572 ,
1115 1482 1171 1552 eain
1196 1484 1312 1552 ἀνεκτά

224 1589 326 1676 ἐδόκει
345 1582 420 1671 caiis
443 1583 539 1654 όσιον.
565 1591 688 1671 μάλλον
702 1593 762 1671 μὲν
777 1582 833 1654 οὖν
848 1591 904 1655 καὶ
923 1591 1068 1674 ἐπειρᾶτο
1084 1585 1182 1654 παντὶ
1203 1589 1313 1653 σθένει

225 1688 417 1755 ἀπώσασθαι
448 1687 496 1763 ὥς,
517 1687 649 1770 τάχιστα
678 1684 752 1765 τοός
782 1688 956 1770 πολεμίους.
988 1686 1141 1771 ἐλογίζετο
1165 1683 1224 1770 γάρ
1255 1683 1312 1750 καί

224 1789 356 1867 meires,
378 1785 422 1864 ὥς
437 1788 468 1851 εἰ
481 1789 526 1875 τῷ
542 1789 666 1876 πολέμῳ
689 1784 876 1872 κρατήσαιεν
896 1784 926 1850 οἱ
945 1789 1090 1871 Πέρσαι,
1112 1784 1167 1849 καί
1183 1781 1356 1869 άπάσηςῦ

224 1881 421 1965 ἐπιλάβοιντο
446 1885 503 1970 τῆς
524 1882 651 1972 χώρας,
682 1870 777 1950 οὐδὲν
796 1882 883 1968 ἔσται
901 1880 936 1951 τό
955 1881 1076 1951 sotios
1100 1879 1218 1960 αότοός
1244 1880 1307 1948 άνά

222 1979 276 2047 τὸν
293 1973 442 2061 Εὔξεινον
463 1979 575 2050 πόντον
600 1983 700 2060 dissic
717 1981 995 2065 ναυτιλλομένους,
1016 1978 1057 2046 τά
1083 1981 1231 2048 ἐνόότατα
1255 1983 1311 2067 τῆς

218 2081 391 2162 Ῥωμαίων
411 2075 513 2167 άρχῆς
533 2081 727 2164 άνιχνεάειν.
748 2081 906 2166 τομάρτοι
921 2075 1100 2167 στράτευμά
1116 2105 1149 2146 τε
1162 2081 1310 2164 μέγιστον

211 2177 279 2268 Ιιιαί
303 2174 520 2262 άλκιμοότατον
544 2181 682 2246 ἐνταῦθα
706 2177 833 2262 ἔταξεν,
853 2176 909 2244 καό
933 2176 1123 2265 στρατηγοός
1140 2181 1308 2266 ἐπέστησεν

223 2276 298 2354 τοός
312 2273 468 2366 άρίστους.
481 2280 608 2355 Βέσσος
623 2275 723 2364 τεγάρ
738 2276 795 2345 καί
808 2283 973 2365 Μαρτῖνος
988 2279 1044 2344 κατ’
1057 2276 1182 2364 Βοόζης
1195 2276 1359 2365 ἡγεῖτό»

194 2368 335 2465 Βάνόρες
368 2379 404 2444 ἐν
437 2387 503 2462 τοῖς
527 2377 663 2461 μάλιστα
688 2380 884 2463 γεγενημένοι
911 2381 967 2443 καί
993 2380 1147 2461 πολέμους
1169 2376 1308 2462 σοχνοός

290 2491 319 2549 6.,
336 2502 370 2557 γε
388 2505 440 2540 om.
459 2490 489 2539 R.
541 2485 621 2538 ἕκατι
640 2491 734 2556 καταβ.
745 2485 815 2608 γάρ.
826 2488 865 2550 R,
878 2503 905 2554 χ.
924 2485 966 2539 ἕκ.
976 2505 1036 2539 κατ.
1044 2488 1114 2559 vulg.
1191 2505 1230 2542 rr.
1249 2489 1307 2543 suiv

288 2558 392 2620 Λαζῶν
410 2559 441 2612 R.
494 2555 542 2609 Pro
567 2557 599 2608 ἐν
615 2558 653 2625 ’τῷ
666 2556 729 2610 τότε
743 2556 771 2609 li.
805 2556 889 2614 ςτόν
906 2572 944 2609 ττι
1001 2576 1038 2612 ιο.
1054 2560 1116 2609 Post
1131 2555 1305 2628 ὁμογνώμο-

289 2646 341 2686 υας
365 2629 460 2679 lacuna
479 2625 567 2680 suerat
584 2627 614 2680 in
632 2629 661 2681 li
682 2632 768 2700 usque
785 2627 820 2679 acl
833 2626 911 2690 stit,
928 2629 959 2680 in
977 2646 1030 2699 qua
1049 2631 1187 2682 recentior
1206 2644 1304 2682 manus

287 2699 413 2767 scripsit:
431 2696 578 2762 ἐάόκει,εε
594 2699 623 2748 in
644 2715 725 2770 marg.
742 2696 824 2767 εἶναι.
874 2698 913 2754 τό
925 2699 1004 2769 αμφὶ
1025 2688 1081 2752 άνά
1101 2716 1123 2750 τ.
1142 2701 1175 2751 Ε.
1193 2701 1223 2752 ll.
1264 2703 1306 2757 18.

279 2768 385 2839 Ἰστράτ.
405 2781 435 2818 τε
450 2769 514 2839 μίγ.
536 2785 561 2820 κ.
577 2765 642 2820 'cito
660 2770 706 2832 lt,
726 2767 822 2840 στράτ.
836 2770 900 2840 μέγ.
919 2783 948 2820 τε
966 2785 989 2820 κ.
1010 2765 1069 2820 dix.
1083 2769 1153 2840 vulg.
1224 2812 1227 2816 Α

219 2865 303 2916 etiam
327 2861 381 2913 loci
399 2862 523 2926 venisse,
550 2869 578 2915 et
596 2863 715 2933 aliquam
738 2862 872 2915 exercitus
892 2863 935 2914 sui
960 2862 1125 2933 partem‹‚ibi
1142 2864 1306 2934 reliquisse,

221 2942 305 3004 atque
323 2931 388 2987 inde
417 2931 579 2984 Colchorum
599 2941 707 3003 gentem
727 2932 879 2985 deductam.
907 2933 989 3001 Quod
1007 2935 1096 3003 ipsum
1114 2942 1142 2984 et
1165 2933 1304 2986 Diodorus

219 3004 326 3055 Siculus
345 3002 438 3056 etalii
459 3004 609 3072 complures
627 3013 749 3056 veterum
768 3003 958 3055 historicorum
976 3012 1118 3075 testantur.
1146 3004 1182 3054 Hi
1199 3008 1303 3075 itaque,

218 3075 275 3124 sive
296 3073 374 3132 Lazi,
393 3075 449 3124 sive
470 3073 577 3142 Colchi,
607 3076 663 3127 sive
682 3074 809 3143 Aegyptii
831 3075 942 3127 sedibus
962 3076 1017 3125 suis
1036 3077 1197 3143 migrantes,
1219 3077 1303 3127 variis

217 3151 310 3194 nostra
334 3150 422 3194 aetate
446 3143 528 3195 bellis
553 3145 665 3197 fuerunt
695 3145 829 3208 lacessiti,
855 3145 996 3216 multaque
1018 3135 1184 3214 proelia-ob
1205 3144 1302 3197 horum

217 3213 354 3280 regionem
384 3221 447 3264 sunt
475 3217 622 3266 commissa.
667 3215 799 3266 Chosroes
827 3218 900 3267 enim
926 3217 1063 3267 Persarum
1089 3231 1137 3267 rex
1163 3231 1223 3266 cum
1247 3217 1302 3268 iam

216 3281 303 3332 multa
326 3283 462 3354 valdeque
480 3293 633 3352 opportuna
651 3285 727 3336 illius
747 3285 864 3354 regionis
882 3288 942 3337 loca
959 3287 1103 3338 invasisset
1119 3293 1200 3354 atque
1219 3303 1301 3337 occu-

216 3359 322 3422 passet,
350 3370 520 3423 nequaquam
544 3355 598 3407 sibi
624 3372 674 3421 con
696 3354 871 3406 uieseendum
900 3356 993 3420 duxit,
1017 3357 1065 3408 sed
1092 3364 1119 3407 et
1145 3356 1252 3426 reliqua
1271 3356 1301 3406 in

216 3439 291 3472 suam
309 3431 471 3491 potestatem
490 3423 644 3493 redigenda.
677 3374 849 3478 <lastinianus
868 3442 931 3479 vero
951 3429 1132 3478 Romanorum
1152 3426 1303 3494 imperator

215 3491 354 3543 Gubazem
372 3494 503 3546 Lanarum
520 3500 578 3546 tum
596 3497 725 3565 temporis
744 3510 832 3564 regem
851 3505 879 3548 et
895 3499 1047 3549 universam
1067 3503 1185 3566 gentem,
1200 3494 1300 3547 subdi-

216 3569 272 3613 tam
292 3564 346 3615 sihi
367 3572 396 3615 et
413 3563 574 3616 benevolam
594 3573 622 3617 et
637 3567 786 3619 eommunis
805 3567 943 3636 religionis
963 3569 1106 3636 cultusque
1126 3566 1213 3617 divini
1226 3583 1299 3618 nexu

215 3636 397 3695 coniunctam,
419 3633 544 3687 deserere
561 3653 611 3688 nec
629 3653 746 3707 aequum
763 3648 815 3685 nee
834 3635 943 3688 iustum'
956 3636 1096 3699 censebat;
1122 3639 1190 3708 quin
1207 3637 1300 3705 potius

216 3705 342 3756 omnibus
360 3704 464 3756 viribus
490 3703 582 3758 hostes
602 3724 682 3777 quam
701 3707 830 3756 citissime
848 3707 992 3777 profligare
1009 3707 1140 3758 tentabat.
1177 3707 1299 3775 Reputa-

214 3773 265 3825 bat
284 3776 435 3826 enimcum
454 3776 545 3828 animo
564 3794 613 3829 suo
633 3784 661 3828 et
678 3774 832 3838 verebatur,
851 3793 887 3828 ne
907 3778 930 3827 si
945 3780 1040 3828 Persae
1058 3777 1132 3829 bello
1146 3777 1297 3839 vincerent,

213 3842 344 3896 nihileis
363 3845 559 3914 impedimento
578 3849 699 3905 futurum
718 3853 798 3907 esset,
818 3864 873 3914 quo
892 3848 981 3898 minus
997 3863 1047 3917 per
1069 3849 1204 3900 Euxinum
1223 3853 1296 3917 pon·

214 3919 274 3964 tum
294 3916 361 3967 eitra
388 3917 475 3968 ullum
496 3923 599 3968 metum
623 3919 781 3984 navigantes
804 3915 934 3967 interiora
960 3919 1072 3970 Romani
1096 3918 1208 3987 Imperii
1235 3918 1296 3970 loca

212 3984 399 4054 pervaderent,
436 3985 574 4056 Quocirca
592 3988 739 4054 maximum
757 3983 1005 4059 validissimumque
1026 3991 1174 4041 exercitum
1193 3986 1234 4037 ibi
1251 3989 1294 4038 lo·

212 4055 298 4115 eavit,
316 4057 615 4126 praestantissimosque
631 4054 719 4106 duces·
731 4055 756 4107 ei
775 4055 913 4125 praefecit.
948 4061 1041 4110 Bessus
1061 4061 1133 4114 euim
1152 4063 1180 4108 et
1195 4056 1294 4108 Marti-

212 4140 264 4177 nus
283 4132 311 4175 et
328 4125 410 4176 Buses
430 4127 455 4176 ei
473 4132 632 4194 praeerant,
656 4126 707 4177 viri
725 4125 915 4194 spectatissimi
942 4136 971 4180 et
995 4127 1184 4199 frequentibus
1211 4138 1293 4198 proe-

212 4195 258 4253 liis
274 4195 501 4258 exercitatissimi,
518 4197 617 4252 Missua
631 4211 694 4256 vero
704 4202 745 4250 est
762 4195 845 4252 ctiam
863 4197 983 4257 Iustinus
995 4199 1126 4255 Germani·
1142 4194 1225 4263 filins,
1241 4196 1292 4252 ad-
