2738 4816
113 575 750 699 srncruuuvnusrours
774 576 1207 659 cunrsuoruour
1242 676 1243 680 g

414 696 415 699 ‘
507 710 837 807 PERSONAE.

381 852 512 953 tib.
541 853 590 922 ll.=
610 854 750 938 capita
779 855 830 921 28.
860 873 912 940 29.

189 1096 266 1151 Nare
275 1103 372 1150 autem
390 1095 439 1149 ubi
454 1096 489 1150 dc
500 1094 620 1149 Chosroe
634 1112 769 1167 perpauca
781 1096 953 1166 explicarim,
972 1099 1114 1152 confestim
1125 1096 1160 1151 ad
1173 1113 1206 1151 ca

115 1186 309 1247 marcianam,
328 1200 402 1254 quac
422 1200 533 1237 narrare
553 1183 607 1234 iam
620 1183 705 1252 coepi.
737 1181 798 1234 Nou
822 1185 896 1236 enim
909 1184 983 1237 huuc
1000 1185 1095 1236 Persae
1113 1186 1201 1237 solum

117 1273 203 1333 ultra,
221 1287 306 1342 quam
327 1269 423 1334 dccet,
440 1271 570 1323 laudibus
589 1269 683 1322 ierunt
704 1276 732 1321 et
755 1269 938 1337 demirantur3
964 1271 1011 1322 sed
1028 1274 1209 1324 Romanorum

116 1347 246 1428 plerique
269 1366 302 1411 ut
329 1358 504 1428 eloquentiae
518 1356 685 1418 studiosum,
704 1362 737 1407 et
762 1357 811 1428 qui
829 1356 865 1408 ad
888 1365 996 1409 nostrae
1018 1356 1209 1425 philosophiae

116 1462 251 1497 summam
264 1447 423 1514 pervenerit
439 1446 598 1507 notionem,
617 1451 645 1495 et
661 1442 764 1495 Graeca
783 1459 864 1512 opera
884 1444 914 1495 in
935 1444 1067 1495 Persicam
1088 1444 1209 1515 linguam

117 1532 256 1584 nonnulla
270 1531 455 1597 transtulerit:
481 1528 600 1601 (addunt
613 1537 704 1581 tamen
721 1536 750 1580 ct
764 1527 936 1599 magnetem,
957 1529 987 1580 id
1004 1538 1063 1593 cst,
1079 1531 1136 1584 riui
1151 1548 1209 1585 am-

117 1617 256 1687 phoram,
277 1618 359 1686 longe
378 1619 475 1669 melius
490 1625 664 1686 perpotasse,
683 1633 765 1686 quam
782 1615 876 1683 rhetor
897 1618 1044 1685 paeauicus
1061 1618 1131 1673 olori
1146 1633 1211 1687 pcr-

117 1705 262 1774 scripserit
285 1704 437 1775 fabulam):
464 1705 615 1774 quinetiam
630 1703 780 1779 'Platonicis
798 1702 935 1755 imbutum
955 1703 1126 1773 dogmatibus
1153 1714 1211 1758 tra-

116 1791 209 1857 dunt,
228 1799 312 1862 atque
330 1789 415 1854 adeo,
434 1799 464 1842 ut
484 1807 519 1843 ae
536 1792 665 1855 Timaeus
682 1790 756 1845 huuc
779 1789 891 1861 quidem
903 1798 1073 1861 praetereat,
1101 1793 1211 1861 tametsi

114 1879 223 1930 lineari
245 1878 434 1948 speculatione
449 1876 616 1941 divarietur,
635 1880 919 1937 etnaturaerimetur
938 1886 1042 1942 motus,
1060 1896 1110 1931 ncc
1123 1879 1210 1932 Phae·

115 1965 177 2018 dou
193 1968 268 2034 ipse,
286 1981 377 2036 neque
397 1964 529 2034 Gorgias,
546 1965 600 2016 vel,
612 1964 782 2034 dialogorum
803 1974 882 2025 autor
902 1966 974 2025 alius
995 1966 1141 2039 quisquam
1151 2004 1159 2030 ,
1179 1974 1211 2020 ut

114 2052 314 2116 Parmenides,
334 2060 363 2104 et
379 2053 479 2104 caeteri
495 2053 576 2115 item,
596 2051 700 2120 quibus
711 2051 787 2107 varia
807 2054 1006 2106 sententiarum
1019 2053 1209 2122 profunditate
1283 2054 1285 2059 ’

115 2149 189 2192 sunt
206 2141 292 2192 multa
315 2138 473 2209 conscripta.
511 2141 572 2208 Ipse
591 2155 654 2190 vero
675 2139 731 2190 non
753 2139 858 2208 egregie
882 2137 951 2192 adeo
973 2138 1048 2192 huuc
1070 2139 1209 2192 eruditum

115 2228 208 2278 fuisse
229 2227 457 2288 existimaverim,
476 2233 512 2278 ut
526 2243 656 2303 summam
681 2224 887 2294 disciplinarum
907 2235 1022 2285 teneret.
1059 2227 1116 2297 Qui
1138 2228 1209 2280 enim

114 2315 183 2365 fieri
202 2314 230 2365 id
245 2321 371 2382 poterat,
392 2330 486 2366 veram
505 2313 581 2367 illam
601 2320 630 2364 et
652 2312 768 2366 liberam
785 2321 817 2366 ut
837 2323 961 2366 veterum
978 2315 1121 2366 nominum
1143 2332 1208 2383 pro·

113 2400 347 2464 n'unciationcm,
367 2402 446 2453 itaet
459 2400 540 2452 rebus
561 2401 627 2469 ipsis
640 2401 757 2453 maxime
778 2409 988 2470 congruentem,
1009 2402 1103 2470 lingua
1122 2418 1210 2471 quao-

115 2487 186 2539 dam
200 2497 232 2539 ut
247 2487 377 2557 agrestis,
396 2494 424 2541 et
438 2487 548 2552 rudior,
567 2494 595 2538 et
614 2504 631 2538 a
648 2487 733 2542 Musis
749 2489 860 2556 penitus
883 2488 974 2540 aliena
991 2484 1127 2540 servaret?
1153 2504 1208 2557 quo

115 2576 237 2644 iuquam
254 2582 335 2642 pacto
348 2575 390 2625 vir
412 2577 487 2643 regio
502 2575 575 2626 fastu
593 2590 626 2625 ex
642 2572 794 2625 immodicis
810 2573 1015 2626 adulationibus
1034 2574 1068 2625 ab
1093 2573 1209 2627 ineunte

117 2668 213 2714 aetate
229 2661 354 2725 illectus,
373 2660 533 2713 ao'vivcndi
547 2659 776 2712 cousuetudinem
793 2669 889 2713 nactus
903 2679 984 2731 supra
1005 2659 1118 2713 modum
1142 2661 1208 2713 bar-

115 2749 259 2811 baricam,
277 2757 305 2801 et
320 2749 369 2819 qui
380 2747 455 2799 bella
471 2765 577 2817 semper
596 2756 624 2800 ct
642 2747 713 2798 acies
727 2749 819 2799 animo
834 2748 960 2816 agitarit,
978 2748 1099 2800 exerceri
1118 2747 1208 2798 inhio

116 2844 231 2906 poterat
249 2835 412 2904 disciplinis,
432 2850 465 2886 cx
477 2833 576 2905 hisque
588 2833 642 2887 sibi
656 2834 759 2885 fructus
779 2833 887 2903 aliquid
900 2832 1062 2888 vendicare?
1071 2859 1077 2868 =
1086 2831 1169 2901 Quod
1185 2833 1209 2884 si

119 2926 189 2996 quis
204 2923 305 2977 idcirco
316 2921 392 2974 hunc
407 2922 511 2984 laudet,
530 2921 596 2991 quia
610 2938 693 2992 quum
710 2938 759 2973 rex
773 2929 853 2982 esset,
875 2927 902 2970 et
916 2919 1208 2989 Persa‚tautarumque

116 3010 246 3080 gentium
271 3017 299 3061 et
318 3011 496 3069 maximarum
513 3024 603 3059 rerum
621 3024 714 3059 curam
731 3006 859 3069 haberet,
884 3013 1026 3078 utcunque
1047 3013 1138 3057 tamen
1159 3005 1209 3056 de-

118 3105 233 3166 gustare
245 3104 316 3148 artes
332 3095 469 3148 literarias
482 3095 630 3158 voluisset,
655 3111 689 3146 en
702 3110 789 3164 eaque
810 3103 841 3146 ut
860 3093 987 3164 gloriam,
1012 3095 1052 3145 ita
1069 3101 1097 3145 ct
1124 3094 1216 3159 animi·

118 3201 222 3254 capere
238 3184 425 3252 voluptatem,
450 3183 574 3252 profecto
597 3181 706 3251 etipse
729 3181 802 3255 huuc
826 3179 978 3245 laudarem,
1005 3178 1121 3250 perinde
1141 3196 1210 3250 prae

43 3268 45 3271 ’
118 3271 237 3323 caeteris
252 3269 375 3324 barbaris
395 3269 592 3326 admirandum.
630 3269 684 3321 Sed
701 3270 750 3340 qui
765 3257 839 3321 hunc
855 3269 972 3321 nimium
987 3270 1139 3337 sapientem
1158 3285 1208 3336 ap·

117 3359 243 3429 pellant,
265 3367 293 3410 et
309 3359 387 3429 quasi
402 3358 581 3428 philosophos
603 3366 723 3410 caeteros
745 3357 939 3425 praestitisset,
963 3357 1085 3408 omnium
1110 3355 1210 3410 artium
1254 3360 1255 3363 ’

119 3430 386 3516 disciplinarumque
404 3463 497 3496 causas
511 3461 592 3497 nosse
611 3445 767 3507 affirmant,
786 3452 815 3495 et
839 3444 948 3513 qualem
966 3444 1080 3495 fortasse
1098 3440 1209 3510 peripa-

117 3530 199 3584 tetici
223 3532 339 3587 maxime
361 3532 499 3583 cruditum
523 3531 704 3600 praefiniunt:
736 3529 956 3599 deprehendetur
976 3532 999 3582 is
1026 3528 1101 3580 haud
1124 3528 1208 3580 dubie

117 3616 195 3670 nihil
220 3635 328 3687 prorsus
351 3636 399 3683 ea,
423 3636 493 3690 quae
523 3635 586 3671 vera
606 3626 687 3683 sunt,
717 3617 880 3687 pervidisse3
899 3618 960 3698 'sed
980 3617 1054 3684 vulgi
1076 3614 1209 3666 duntaxat
1299 3618 1301 3622 ’

118 3705 223 3756 tamam
249 3707 356 3759 sectari.
393 3705 443 3762 Vir
456 3704 569 3776 quidam
591 3722 688 3775 genere
708 3705 804 3772 Syrus,
828 3705 944 3757 Uranius
964 3705 1118 3773 vocitatus,
1143 3701 1209 3756 llum

118 3791 247 3858 Byzantii
257 3800 424 3856 versaretur,
443 3801 528 3851 artem
541 3793 654 3863 quidem
667 3793 801 3851 medicam
818 3791 1012 3861 profitebatur,
1038 3789 1086 3842 sed
1100 3790 1209 3843 Aristo-

119 3878 223 3933 telicae
239 3877 401 3946 disciplinae
417 3872 526 3949 prorsus
546 3882 670 3952 ignarus,
688 3881 730 3932 nil
745 3879 865 3953 denique
881 3897 944 3932 vera
958 3880 1114 3948 cognitione
1128 3886 1208 3928 tene·-

119 3963 185 4030 bat3
205 3965 401 4024 fremebundus
417 3975 509 4021 tauron
527 3978 555 4020 et
572 3967 692 4019 insolens
711 3967 879 4036 quammulta
898 3983 926 4018 se
947 3965 1095 4035 percellere
1122 3964 1208 4013 iacta·
1223 3987 1230 3994 a
1262 3960 1265 3965 ’

120 4049 185 4108 bat:
205 4059 235 4106 et
252 4068 338 4128 quum
356 4052 426 4108 sorte
442 4055 515 4110 iuter
537 4063 629 4113 coctus
647 4052 789 4112 homiuum
804 4061 968 4117 versaretur,
992 4060 1023 4105 ut
1040 4057 1099 4106 erat
1110 4055 1210 4123 suapte
