2738 4816
418 140 420 145 .
439 39 497 154 a*

532 215 760 287 saaraim
1102 193 1186 291 xvir

99 320 147 436 rit
162 373 198 434 ln
209 371 315 436 halus
327 372 590 459 scr'lptoris‚'qao
610 375 697 439 edito
712 387 920 460 permagnum
934 389 1021 447 certa
1037 379 1124 465 cepit
1139 381 1186 445 a'»

97 472 200 534 storia
216 472 466 553 incrementum,
486 495 632 537 sermons
646 475 846 558 exquirendo
863 477 1069 561 splendidum
1076 480 1187 564 philo·
1284 539 1286 543 ,

97 571 209 655 logias
227 572 573 655 documentumedere,
589 573 623 636 id
635 575 877 638 facundissimos
892 598 1036 661 quosque
1051 579 1184 660 Atticos,

98 670 215 753 siquis
229 671 270 733 ad
286 692 395 733 munes
411 672 451 735 de
466 674 558 737 factis
581 674 695 737 ansuis
707 696 818 739 rumor
833 686 951 751 manat,
961 697 1025 738 nou
1043 677 1113 741 sine
1133 679 1183 740 in·

96 767 190 834 ridie
214 773 298 832 ferre
326 770 485 834 existimo.
534 773 640 834 Hodie
662 773 813 856 Agathias
838 774 893 838 vix
926 776 1075 858 cuiquam
1101 778 1186 839 ultra

97 866 359 931 mediocritatem
373 891 538 954 assurgere
551 871 728 934 ridebiturr
760 873 839 936 licet
850 871 930 940 Gal.
942 875 1086 954 Vossius,
1097 874 1185 938 haud

98 966 186 1030 levis
205 968 401 1032 auctoritatis
429 969 496 1049 vir,
525 979 645 1034 tersum
666 972 734 1035 eius
761 983 856 1054 atque
881 971 1031 1035 floridum
1054 973 1184 1038 dicendi

98 1087 204 1148 genus
223 1068 397 1151 praedicet
442 1070 537 1133 Certe
554 1070 623 1154 ipse
636 1092 739 1134 sermo
750 1093 883 1155 graecus
901 1094 918 1133 a
934 1072 1083 1154 puritate,
1101 1092 1194 1155 quaer

97 1181 209 1229 umen
220 1166 354 1228 minima
368 1168 437 1230 laus
453 1178 546 1248 asset,
560 1171 656 1253 longe
670 1169 776 1244 abest3
799 1187 846 1249 se,
867 1192 907 1235 ne
920 1193 939 1231 a
953 1170 1039 1235 vitiis
1052 1170 1186 1254 quidem

96 1264 318 1348 grammaticis
339 1266 506 1346 immunis,
535 1267 622 1330 hand
641 1286 713 1330 raro
735 1269 908 1352 ‘degeneris
931 1269 1081 1352 loquelae
1108 1278 1186 1332 nota

95 1364 265 1428 foedatur:
293 1374 363 1427 tum
380 1388 458 1429 vero
479 1366 619 1429 admixta
637 1367 866 1448 dialectornm,
890 1368 1016 1432 ionicae
1038 1388 1186 1452 praeser-

96 1463 176 1543 tim,
199 1464 432 1550 epicorumque
454 1465 626 1531 verborum
652 1467 828 1545 varietate,
858 1465 924 1531 sive
949 1468 1094 1550 quaesita
1114 1467 1185 1531 sive

95 1562 324 1647 imprudenter
343 1573 519 1647 assumpta,
540 1563 722 1648 saepissime
742 1563 886 1630 offendit.
936 1567 1027 1643 Quae
1050 1573 1087 1624 ut
1105 1584 1185 1625 con·

95 1661 270 1724 donareris
299 1662 369 1728 aeri
391 1661 603 1741 infelicitati,
617 1659 874 1747 praecipuaeque
893 1660 1078 1725 difficultati
1103 1660 1186 1723 scri·
1215 1651 1216 1654 ¹

93 1761 195 1825 bendi
216 1761 329 1846 lingna
345 1761 535 1834 emoriente,
559 1771 730 1845 autequam
743 1760 853 1823 adulta
870 1762 912 1825 sit
927 1773 1024 1846 atque
1041 1783 1062 1824 e
1076 1759 1184 1825 matris

94 1860 264 1922 consortio
283 1859 556 1943 exieritrulgaris,
574 1881 638 1944 qua
653 1860 716 1922 iam
727 1859 873 1943 quotidie
889 1868 1043 1934 stantun
1065 1867 1183 1938 tamen,

93 1965 134 2020 ut
155 1958 285 2021 laudem
307 1959 427 2023 tribuas
446 1958 621 2038 historico,
650 1958 839 2042 sapientiam
858 1959 1110 2043 gravitatemque
1130 1979 1185 2035 re·

92 2056 226 2141 quires:
254 2065 288 2119 at
306 2057 341 2120 id
363 2080 427 2120 non
451 2059 557 2121 minus
582 2054 702 2120 frustra
723 2057 758 2119 in
787 2057 923 2141 Agathia
952 2067 1071 2128 nostro.
1114 2057 1184 2119 Imo

89 2158 203 2240 potius
225 2156 374 2237 ieiunum
391 2157 561 2239 ingenium
573 2156 608 2218 in
623 2156 792 2220 sententiis
815 2156 927 2241 prodit
940 2178 1019 2240 quas
1035 2155 1185 2239 saepissi-

89 2244 282 2340 meprofert
291 2303 300 2338 ‚
310 2259 397 2321 tritas
406 2256 577 2320 admodum
588 2265 683 2339 atque
696 2277 713 2318 e
725 2255 806 2319 locis
817 2256 932 2342 petitas
942 2254 1182 2318 communibuss

90 2354 152 2418 ubi
162 2377 240 2420 vero
249 2365 360 2440 argute
375 2357 467 2440 loqui
478 2356 591 2442 satagit
603 2354 833 2440 frigidissimas.
864 2355 936 2421 Viri
950 2354 1028 2417 boni
1037 2354 1183 2417 animum

90 2477 171 2519 cum
191 2455 408 2518 ostentatione
424 2477 500 2538 prae
521 2477 556 2519 se
578 2455 642 2518 fert
650 2469 663 2516 a·
690 2475 798 2539 neque
819 2463 938 2534 umen,
959 2461 1115 2538 quantum
1129 2451 1181 2512 di-

90 2576 253 2638 gnoscere
267 2554 359 2634 licet,
381 2552 480 2617 falso:
502 2554 653 2618 immunis
667 2553 707 2616 ab
721 2553 931 2618 insectatione
948 2552 1068 2637 pariter
1083 2559 1179 2633 atque

90 2654 135 2716 ab
155 2655 341 2720 adulatione
363 2675 423 2738 per
440 2653 628 2721 universum
643 2675 744 2738 opus:
766 2652 879 2727 cuius,
901 2671 1125 2736 quaecumque
1145 2652 1180 2711 in

90 2775 135 2817 eo
152 2753 412 2842 reprehenderis,
434 2754 476 2817 ad
494 2753 731 2840 cognoscendas
746 2774 799 2815 res
815 2762 917 2836 gestas
934 2772 1095 2815 summum
1108 2770 1181 2834 pre·

88 2853 178 2916 tium
191 2846 291 2936 'atque
310 2853 407 2920 unica
423 2854 545 2916 utilitas
566 2863 623 2917 est.
665 2852 777 2916 ltalica
797 2858 904 2913 tamen
923 2850 1052 2933 negotia
1065 2868 1179 2931 parum

89 2950 227 3035 cognita
252 2938 400 3016 haliuisse
419 2952 565 3031 ridetur,
594 2953 630 3014 iu
656 2949 868 3014 orientalibus
892 2948 988 3030 longe
1016 2944 1178 3009 versutior.
1299 2998 1300 3001 ,

90 3055 203 3130 Quem
217 3050 245 3114 si
259 3051 418 3135 Procopio
437 3072 538 3134 quum
553 3049 684 3135 ingenio
704 3057 771 3111 tum
785 3045 872 3110 cirili
887 3045 1084 3128 militarique
1098 3065 1177 3128 pru·

90 3151 203 3213 dentis
218 3151 315 3236 longe
323 3150 510 3214 interiorem
519 3169 587 3213 esse
603 3147 752 3210 Gibbono
765 3145 860 3210 facile
871 3144 1082 3217 concesserim
1096 3144 1178 3206 fate.

86 3249 169 3329 bere
177 3258 285 3313 tamen
297 3251 409 3313 eadem
420 3249 545 3313 ratione
558 3269 656 3334 super
668 3256 792 3312 ceteros
801 3266 922 3325 omnes,
939 3243 998 3328 qui
1011 3242 1177 3308 corisecuti

89 3358 189 3430 σιιιιι,Δ
209 3349 372 3413 emineres
390 3349 495 3433 vuum
507 3357 615 3413 autem
622 3349 725 3411 multo
742 3346 911 3411 meliorem
923 3364 991 3407 esse
1006 3344 1174 3427 Procopio.

174 3447 377 3511 Christianus
387 3454 432 3510 'an
454 3447 569 3524 fuerit,
591 3446 626 3508 in
649 3457 815 3529 utramque
842 3451 966 3527 partem
982 3443 1177 3528 disputatum

89 3555 153 3610 est:
164 3625 166 3628 Ι
176 3568 293 3617 aarum
311 3546 398 3610 edito
412 3546 638 3630 epigrammate
656 3550 722 3629 quo
737 3543 880 3607 tabulam
892 3539 1096 3624 Archangelo
1116 3541 1176 3604 de·

88 3647 177 3709 dicat
193 3646 259 3724 ²⁷),
281 3645 372 3707 illam
383 3645 574 3728 religionem
583 3645 760 3730 professum
776 3662 843 3706 esse
864 3648 955 3704 extra
974 3640 1176 3703 dubiumest.
1206 3651 1208 3656 ’

88 3745 199 3828 Aquo
223 3745 250 3807 si
270 3744 475 3822 discesseris,
503 3734 590 3807 inter
606 3752 713 3806 cetera
724 3738 954 3826 quaeproferri
969 3747 1102 3822 possent
1121 3737 1174 3801 fir·

89 3844 267 3907 missimum
290 3843 436 3907 eiusdem
454 3841 617 3926 opinionis
634 3849 859 3926 argumentum
878 3845 971 3916 esset,
993 3838 1081 3920 quod
1098 3858 1175 3922 apo·

88 3941 265 4029 phthegma
278 3963 320 4006 ex
338 3963 424 4008 noro
436 3941 569 4006 foedere
577 3940 638 4005 sibi
650 3952 762 4006 notum
776 3960 843 4005 esse
852 3936 961 4023 prodit
973 3937 1029 4017 2⁸).
1061 3938 1173 4021 Neque

128 4108 172 4178 27)
188 4108 327 4181 Epignlp·
360 4109 406 4182 28)
422 4109 547 4168 niuali
566 4125 605 4164 12.
624 4107 755 4180 protes.
774 4104 988 4178 Indicemgraeu
1005 4121 1025 4157 s.
1045 4097 1173 4167 staldo,
1258 4141 1267 4152 κ

112 4202 266 4299 -Agatlriuc
307 4191 309 4194 ·
860 4223 876 4275 b
