2730 4816
1148 120 1152 145 i

418 243 702 312 ursrommurr
730 252 772 313 n.
793 259 825 322 r.
1117 253 1166 340 71

104 392 148 485 ρίρ
166 399 227 478 μὲν
242 385 302 461 οῦν
316 400 371 464 καί
385 400 429 487 τῷ
445 398 475 464 oi
491 395 632 491 ἑπομένῳ
645 400 762 494 ὁμίλῳ,
791 408 825 483 ἐς
848 403 920 472 τόδε
941 389 1038 492 τύχης
1062 406 1102 473 τὰ
1118 407 1211 492 τῆςιλ,
1221 427 1249 482 c,
1265 430 1318 490 553

93 492 282 579 ἐκστρατειῦις
306 495 456 563 ἐτελεύτα.
1173 499 1195 551 L
1214 501 1282 573 L²7

161 592 201 658 δ’.
239 592 297 658 Ἐν
317 587 343 683 ᾧ
368 597 526 664 δὲταῦτα
552 601 588 666 ἐν
614 605 748 693 Βενιτίμ
772 605 955 687 ξυνέβαινι,
986 608 1200 681 Βουτιλῖνοςρ,
1212 623 1248 700 39

87 689 191 782 ύτερος
210 692 398 779 στρατηγὸς,
427 693 468 761 τὰ
486 699 583 784 μέχρι
604 703 663 765 τοῦ
690 704 842 788 πορθμοῦ
857 703 913 787 τῆς
928 704 1071 779 Σικελίας
1086 704 1175 766 πολί-
1242 720 1243 723 ’

72 792 183 875 δοματώ
201 790 307 856 τεκαὶ
324 796 460 881 φρούρια
478 796 591 880 σχεδόν
609 825 639 864 τι
656 792 776 865 ἅπαντα
789 796 1016 885 λυμηνάμενος,
1036 800 1168 887 ἐπανῄει
1220 805 1222 811 ”

85 883 174 968 αύθις
195 890 239 967 uic
255 891 388 974 τάχιστα
404 892 462 958 ι’θύ
478 896 672 978 Καμπανιῦις
687 921 721 963 τε
736 897 791 964 καί
807 899 947 984 Ῥώμης.
966 898 1090 985 η’κηκὸει
1102 894 1163 986 γὰρ

82 988 126 1057 τὸν
140 994 276 1078 Ναρσῆν
291 991 347 1057 καί
363 991 420 1072 τὰς
438 997 594 1078 βασιλέως
611 993 761 1079 δυνάμεις
781 997 883 1063 αύτοῦ
901 1022 963 1064 που
986 998 1170 1084 ἠθροῖσθαι.

82 1089 130 1154 καί
143 1089 293 1176 ἠβούλετο
314 1089 360 1178 μη
383 1095 509 1175 μέλλειν
530 1092 579 1161 ε”τι
602 1098 684 1182 μηδὲ
712 1098 852 1163 ἀλᾶσθαι
858 1149 869 1182 ,
897 1093 978 1164 ἀλλὰ
1004 1099 1099 1163 παντὶ
1126 1099 1170 1184 τῷ

81 1193 196 1279 στρατῷ
213 1195 485 1278 παραταξάμενος,
506 1190 563 1260 τῦν
579 1195 658 1283 ύπὲρ
676 1199 738 1264 σῦν
762 1191 843 1264 ὅλων
875 1196 1019 1263 κίνδυνον
1037 1194 1171 1283 ἀναρρί-

55 1306 144 1372 ιοψαι·
169 1291 241 1356 ἐπεί
249 1290 304 1356 καί
316 1295 411 1379 μέρος
424 1319 457 1358 τι
477 1294 535 1358 orire
550 1295 718 1379 ἐλάχιστον
735 1298 792 1361 καί
804 1299 859 1383 τῆς
870 1297 953 1384 ἄμφ’
967 1292 1169 1382 αύτὸνστρα-

80 1392 142 1468 τιῦς
158 1390 240 1480 νόσῳ
257 1386 389 1457 ἑαλώκει
407 1392 463 1457 καί
480 1394 685 1481 διεφθείρετο.
707 1387 749 1481 ἥδ
751 1421 771 1480 η
781 1393 839 1482 γὰρ
856 1399 911 1460 τοῦ
925 1397 1042 1482 θέρους
1057 1394 1169 1478 λη’γον-

79 1512 139 1571 τος,
158 1491 220 1559 καί
232 1494 289 1555 τοῦ
298 1492 501 1579 φθινοπώρου
514 1493 702 1578 ἀρχομένου,
723 1493 758 1558 αἱ
774 1497 835 1576 μὲν
849 1487 984 1577 ῦμπελοι
1002 1495 1044 1580 τῷ
1053 1482 1165 1580 καρπῷ

78 1588 255 1674 ἕβριθοντο,
277 1589 305 1654 οἱ
325 1590 361 1654 δὲ
379 1590 470 1676 χήτει
498 1593 561 1655 τών
583 1583 688 1657 ἄλλων
709 1594 908 1678 ἐπιτηδείων,
943 1585 1083 1679 (ἅπαντα
1101 1586 1161 1675 γὰρ

77 1691 115 1776 τῷ
142 1691 260 1775 Ναρσῇ
282 1692 520 1777 ἐμφρονέστατα
545 1693 806 1778 προδιὴρπαστο,)
835 1690 864 1755 οἱ
892 1693 927 1756 δέ
953 1687 1025 1766 τοῦς
1046 1689 1187 1775 βόσρυςη

45 1785 319 1875 Ιόοἰφαιρούμενοι,
340 1791 395 1854 καί
409 1798 477 1866 ταῖς
491 1788 589 1877 χερσί
610 1793 848 1873 διαθλιβοντες,
878 1790 1083 1876 ἐνεφοροῦντο
1105 1788 1165 1852 τοῦ

77 1889 233 1970 γλεύκους,
256 1886 554 1972 αύτοσχεδιύζοντες
574 1888 630 1956 τδν
655 1891 842 1972 ἀνθοσμίαν.
863 1890 992 1956 ἐνθένδε
1007 1911 1040 1953 τε
1059 1885 1165 1963 αὐτοῖς

74 1984 224 2072 ἤγαστηρ
244 1988 377 2072 ἐπιμέγα
401 1990 530 2077 ἐφέρετο
552 1991 607 2054 καί
628 1989 767 2076 διέρρει,
797 1989 852 2053 καί
866 1985 902 2054 τὸ
918 1990 979 2072 μέν
1002 2011 1035 2052 τι
1055 1984 1163 2050 αύτῦν

73 2081 221 2170 ἕθνησκεν
234 2085 346 2150 αὐτίκα
353 2139 364 2169 ,
385 2078 466 2173 η’σαν
483 2090 519 2153 δέ
536 2089 569 2153 oi
581 2086 636 2153 καί
652 2090 849 2172 διεγίγνοντο.
868 2085 943 2174 πρίν
969 2109 1005 2171 γε
1036 2081 1075 2170 δὴ
1105 2075 1163 2148 οῦν

73 2183 124 2248 καί
138 2180 256 2250 ἅπασιν
273 2188 433 2272 ἐκνικῆσαι
449 2185 485 2251 τύ
506 2186 626 2270 πάθος,
655 2186 758 2253 ἐδόκει
777 2187 807 2252 οἱ
823 2182 904 2253 εἶναι
930 2185 1104 2270 πολεμητέα
1128 2182 1162 2260 ἐς

24 2275 98 2363 ποῦ,
116 2307 149 2349 τι
181 2283 301 2370 ἐκβαίη.
329 2288 386 2351 κατ’
410 2285 514 2352 τοίνυν
539 2282 729 2375 οἷφικόμενος
757 2287 789 2362 ἐς
815 2285 1030 2368 Καμπανίαν,
1064 2306 1161 2368 στρα-

70 2383 267 2450 τοπεδεύεται
286 2386 325 2450 ού
346 2386 455 2475 πόρρω
479 2390 618 2473 Καπύης
636 2387 691 2472 τῆς
713 2386 844 2469 πόλεως,
874 2385 960 2472 ἀμφὶ
976 2381 1036 2461 τοῖς
1059 2375 1160 2466 ῦχθας

69 2488 125 2550 τοῦ
139 2489 341 2551 Κασουλίνοο
358 2489 507 2569 ποταμοῦ.
529 2483 562 2564 ῦς
577 2485 616 2573 δη
633 2487 716 2573 ῥέων
735 2488 770 2552 ἐκ
790 2489 847 2552 τοῦ
859 2476 950 2573 ῦρους
964 2485 1023 2551 τοῦ
1045 2484 1158 2549 Ἀπιν-
1166 2509 1250 2580 V·²9

135 2589 160 2658 4.
181 2588 316 2656 insaucii.
363 2608 401 2644 rr.
421 2588 601 2642 διαλώκειλλ.
647 2594 684 2645 13.
704 2592 732 2641 R.
747 2591 776 2642 in
793 2607 843 2659 mg.
863 2581 897 2654 ἦν
914 2587 952 2641 δὲ.
999 2588 1037 2656 14.
1054 2584 1157 2657 βότρυς
1221 2588 1225 2595 ’

134 2660 183 2724 lt,
207 2658 328 2732 βότρυας
343 2662 416 2732 vulg.
456 2664 493 2715 r6.
512 2660 606 2714 αὐτῶν
622 2663 653 2712 R.
688 2679 730 2715 ar.
749 2661 870 2725 Καπύης
888 2657 1156 2728 8.,ΚατιοδηςνοΙς.

69 2761 133 2814 aiios
149 2761 286 2815 delirium.
320 2763 411 2816 Variis
426 2765 499 2817 enim
513 2764 615 2816 morbis
628 2754 808 2828 laborabant,
825 2762 874 2815 sed
896 2760 1022 2816 omnibus
1041 2762 1072 2813 in
1088 2777 1154 2830 per-

68 2835 166 2885 niciem
183 2832 380 2886 desinentibus.
419 2835 563 2887 Leutharis
583 2837 677 2906 itaque
697 2838 802 2906 quique
826 2850 888 2888 eum
901 2831 1089 2905 sequebantur
1104 2847 1153 2883 ex·

72 2905 178 2972 peditis
194 2902 352 2957 huiusmodi
369 2905 556 2957 calamitosum
573 2904 672 2958 babuit
687 2906 799 2957 exitum.

134 2974 159 3041 4.
195 2975 268 3027 Dum
275 2990 339 3028 vero
348 2973 416 3028 haec
436 2978 467 3028 in
476 2975 594 3028 Venetia
608 2973 929 3046 contingunt,Butiiinus
947 2968 1083 3023 aiterdux
1099 2983 1151 3040 op-

66 3043 138 3116 pislis
149 3044 322 3115 castellisque
351 3045 549 3116 propemodum
575 3048 701 3099 omnibus
725 3047 760 3099 ad
783 3045 905 3097 Siculum
929 3042 1030 3094 fretum
1063 3057 1152 3110 usque

67 3117 191 3179 vastatis,
216 3117 308 3167 statim
326 3133 407 3186 quam
424 3118 554 3169 citissime
568 3117 745 3188 Campaniam
762 3131 857 3168 versus
880 3121 908 3166 et
922 3115 1033 3178 Romam
1056 3129 1085 3163 se
1105 3129 1151 3163 re-

68 3189 147 3256 cepit
183 3186 342 3240 Inaudierat
365 3190 439 3240 enim
458 3187 578 3241 Narsetis
604 3197 632 3240 et
655 3190 694 3239 Irn
716 3187 830 3239 cratoris
847 3187 983 3239 exereitus
1001 3201 1034 3237 eo
1049 3199 1150 3236 conve-

66 3259 152 3320 nisse,
170 3264 199 3311 et
221 3265 351 3310 statutum
374 3267 432 3311 erat
451 3276 508 3311 non
537 3259 657 3311 cunctari
705 3259 790 3310 iutius
805 3274 897 3328 neque
917 3254 1001 3308 animi
1018 3252 1151 3326 pendere,

68 3327 113 3379 sed
130 3329 160 3380 in
187 3329 273 3380 aciem
293 3330 432 3382 instructis
448 3332 577 3384 omnibus
601 3331 688 3400 copiis
710 3330 745 3381 de
762 3345 852 3381 rerum
874 3344 977 3379 summa
996 3325 1151 3392 decertare3

68 3398 289 3468 quandoquidem
306 3417 362 3451 non
379 3402 492 3453 minima
516 3401 650 3455 exercitus
674 3401 722 3471 qui
742 3401 769 3451 ei
791 3399 886 3452 aderat
902 3415 964 3468 pars
978 3397 1075 3449 morbo
1087 3411 1148 3447 cor-

68 3479 143 3539 repta
164 3471 315 3522 interierat
359 3470 494 3541 Vergente
518 3473 590 3524 enim
620 3473 674 3524 iam
691 3479 793 3524 aestate
817 3478 845 3522 et
867 3476 997 3521 autumno
1024 3469 1149 3526 ineunte,

68 3542 161 3592 vineae
181 3540 294 3610 quidem
308 3541 366 3593 nvis
381 3550 494 3594 onustae
509 3551 601 3610 erant3
619 3542 727 3594 bivero
747 3543 842 3611 inopia
855 3542 968 3592 aliarum
987 3554 1077 3591 rerum
1096 3550 1148 3586 ne-

67 3613 237 3662 cessariarum
251 3611 355 3679 (omnis
369 3613 442 3664 enim
453 3622 616 3665 commeatus
630 3631 680 3683 per
693 3611 834 3665 Narsetem
847 3609 1057 3681 prudentissime
1066 3620 1148 3674 prae-

70 3691 158 3751 reptus
170 3681 240 3752 erat)
258 3683 357 3733 avulsis
371 3685 444 3748 uvis,
461 3701 596 3755 succoque
613 3684 739 3736 manibus
755 3700 900 3753 expresso,
920 3687 1008 3731 musto
1026 3693 1084 3726 sese
1100 3675 1148 3726 in-

68 3753 252 3821 gurgitabant,
273 3753 439 3805 odoriferum
452 3756 562 3818 vinum,
586 3753 660 3824 quod
675 3754 771 3806 Graeci
794 3754 960 3871 δνθοσφιίαν
979 3754 1094 3809 vocant,
1112 3762 1148 3799 ex

68 3829 186 3892 tempore
197 3824 389 3891 conficientes;
410 3826 483 3881 unde
503 3826 741 3879 vehementissimo
757 3825 811 3876 alvi
826 3841 875 3893 pro
896 3822 959 3871 uvio
973 3818 1147 3869 laborarunt:

69 3901 94 3944 et
110 3894 239 3945 nonnulli
256 3893 365 3960 quidem
384 3914 476 3948 eorum
497 3913 530 3949 eo
548 3897 729 3957 interierunt,
762 3893 889 3947 nonnulii
913 3892 998 3943 etiam
1021 3888 1146 3955 supervi-

67 3973 169 4017 xerunt·
201 3961 360 4031 Priusquam
374 3967 467 4038 itaque
485 3965 531 4020 hic
545 3967 654 4018 morbus
672 3973 768 4018 omnes
799 3962 952 4024 ervaderet,
970 3960 1144 4010 committer·
1192 3985 1194 3989 ·

72 4034 130 4087 dum
148 4032 204 4086 sibi
226 4048 391 4102 quoeunque
418 4046 516 4089 eventu
538 4040 673 4108 proelium
699 3983 835 4088 censebat
882 4031 1016 4102 Quocirca
1036 4045 1096 4080 cum
1113 4031 1145 4082 in

69 4103 238 4177 Campaniam
251 4104 384 4168 venisset,
402 4115 486 4158 castra
503 4125 559 4159 non
578 4108 704 4178 procula
723 4106 815 4174 Capua
837 4101 907 4153 urbe
925 4102 1001 4164 finit,
1020 4099 1054 4151 ad
1071 4100 1143 4168 ripas

51 4173 186 4233 ‘tantini
209 4173 349 4239 fluminis,
380 4176 454 4247 quod
473 4179 583 4248 quidem
602 4195 636 4231 ex
653 4177 798 4246 Apennino
813 4181 906 4226 monte
923 4171 1010 4225 fluens
1020 4207 1030 4233 ,
1050 4175 1078 4219 et
1091 4183 1142 4236 per
