2738 4816
221 255 343 317 xxxvl
627 213 886 312 a'votoann
1028 299 1031 306 .

221 408 262 469 tis
283 401 729 490 post'.mensibusAgatbiam
757 402 822 472 MS.
853 396 1140 483 abibliotbeeario
1172 397 1305 462 domum

221 506 545 588 reverso-diligenter
566 502 746 584 quaesitum
769 521 974 584 nequaquam
996 517 1196 579 comparere,
1218 494 1309 579 quod

220 605 354 687 quidem
367 615 406 666 et¹
417 625 468 665 me
486 613 519 665 et
533 602 605 663 illos
620 601 754 684 pessime
772 599 902 661 habuit:
920 619 991 681 ime,
1014 597 1055 659 ob
1074 617 1194 677 moram
1208 616 1309 678 quam

220 703 359 765 ‘editioni
384 724 463 765 vana
491 715 562 763 mea
584 721 639 782 spe
664 697 815 760 iniectam
839 697 1003 778 videbam3
1036 695 1110 756 illos
1122 739 1135 768 ,
1163 695 1252 776 quod
1271 695 1307 754 in

198 811 199 814 ’
219 802 416 864 bibliotheca
439 822 496 861 sua
513 819 610 881 quem
630 798 798 880 sperabant
818 797 1001 885 thesaurum
1020 817 1084 855 non
1101 792 1308 876 reperissent.

220 902 289 984 Ego
309 901 428 982 itaque,
452 920 493 959 nc
521 898 602 958 mibi
629 896 696 978 ipse
722 897 868 979 longiore
888 916 983 957 mora
1008 891 1189 983 afficerem,
1222 911 1308 951 neve

220 1000 320 1083 (qnod
348 1000 380 1060 in
400 997 515 1082 Cyrilli
536 993 747 1058 Alexandrini
778 994 868 1073 libris
896 994 935 1056 de
961 992 1147 1058 adoratione
1172 989 1217 1058 ,in
1242 989 1309 1071 spi-

219 1099 286 1159 ritu
305 1107 336 1159 et
355 1097 507 1175 veritate,
530 1103 562 1155 et
582 1094 615 1155 in
637 1093 786 1155 Concilio
800 1092 964 1176 Ephesino
980 1112 1117 1175 graeco,
1144 1089 1206 1148 iam
1220 1083 1309 1153 aeci-

220 1197 287 1274 dit,
312 1205 344 1257 et
358 1217 472 1257 vereor
491 1217 531 1257 ne
550 1193 693 1255 etiam‘in
711 1193 853 1254 Nicaeno
880 1212 994 1274 graeco
1016 1190 1156 1268 accidat)
1173 1186 1213 1248 ab
1234 1186 1308 1252 alii.

219 1295 444 1378 praevenirer,
466 1293 610 1377 mihique
626 1300 657 1352 et
673 1291 764 1354 labor
783 1291 886 1352 omnis
906 1312 1012 1368 meus,
1046 1299 1078 1350 et
1099 1288 1201 1348 honos
1229 1285 1308 1367 qui·

220 1414 350 1476 cunque
369 1414 410 1455 ex
430 1392 491 1474 hac
505 1413 601 1454 arena
621 1390 738 1453 laboris
761 1390 857 1472 plena
874 1388 1050 1471 exspectari
1063 1395 1178 1471 potest,
1200 1385 1328 1448 veluti

220 1517 238 1554 e
256 1493 398 1554 manibus
416 1491 612 1575 eriperetur:
636 1488 814 1580 editionem
838 1489 956 1550 diutius
978 1487 1205 1564 differendam,
1227 1485 1308 1546 dnm

220 1583 415 1674 ἀντίγραφον
436 1590 567 1673 aliquod
588 1587 772 1665 offerretur,
794 1610 860 1649 non
884 1588 994 1649 censui
1006 1633 1015 1666 ,
1038 1585 1207 1670 praecipue
1228 1605 1307 1645 cum

219 1690 316 1770 plane
340 1684 399 1749 σύν
428 1683 533 1770 ἀγαθῇ
549 1681 629 1770 τύχῃ
655 1687 826 1748 affulsisset
849 1686 1001 1769 Agathino
1024 1685 1144 1768 pariter
1168 1682 1306 1745 etmihi

220 1786 506 1871 auspicatissimum
525 1786 607 1846 illud
626 1785 745 1845 lulium
762 1785 868 1856 sidus3
891 1807 1043 1867 magnus,
1065 1785 1214 1866 inquam,
1245 1783 1305 1845 ille

220 1885 377 1968 Iosephus
392 1885 559 1969 Scaliger,-
569 1884 781 1966 nranimilul.
805 1884 946 1947 Caesaris
962 1886 997 1950 F.
1014 1885 1071 1967 qui
1085 1884 1163 1945 mibi
1175 1883 1304 1961 merito,

221 1986 346 2067 quoties
362 1984 479 2066 aliquis
506 1984 622 2068 dignus
641 1983 768 2044 vindice
795 1985 899 2046 nodus
917 1985 1073 2068 occurrit,
1096 1985 1158 2045 fuit
1176 1977 1305 2065 ἀκριβε-

221 2077 338 2170 στάτνυ
354 2075 550 2166 ἀντιγράφου
568 2079 664 2164 δίκην.
689 2081 791 2145 Cuius
805 2069 1158 2166 quidemoptatissimus
1170 2083 1202 2143 in
1218 2082 1305 2163 hanc

220 2182 425 2245 Academiam
452 2178 608 2243 adventus
630 2182 753 2242 utinam
784 2182 916 2247 latinam
930 2183 1083 2266 Agathino
1099 2183 1163 2245 mei
1187 2182 1304 2252 editio·

164 2305 166 2309 ·
221 2303 295 2354 nem
316 2280 550 2343 antevertisset!
573 2281 752 2343 Plurimum
764 2281 850 2342 enim
870 2266 960 2344 illius
973 2280 1305 2364 literatorumprinci·

219 2381 269 2463 pis
290 2380 412 2440 iudicio
428 2379 462 2441 in
485 2379 565 2441 lo'eis
586 2379 754 2441 nonnullis
767 2381 806 2442 de
828 2381 945 2466 quibua
959 2380 1156 2463 ambigebam
1173 2380 1304 2442 tribuis·

219 2500 294 2550 sem;
313 2476 539 2539 cuinniversus
559 2478 724 2540 doctorum
737 2500 905 2541 consessus
915 2480 1172 2562 lihensnssurgit,
1185 2480 1302 2551 fasces·

219 2596 282 2658 qne
295 2575 460 2639 submittit.
486 2577 655 2660 Superest,
686 2579 821 2640 candide
846 2578 965 2656 lector,
989 2587 1024 2638 ut
1043 2599 1182 2661 „operam
1198 2597 1303 2639 meam

219 2695 315 2756 quam
328 2673 446 2757 xoptimi
464 2673 566 2737 ,huius
585 2675 726 2738 authoris
743 2677 877 2744 editioni
904 2661 1226 2760 interpretationique
1244 2677 1304 2737 im-

218 2773 328 2856 pendi,
344 2773 595 2850 boniconsulas3
617 2784 738 2837 etcum
758 2777 876 2859 ,apibus
893 2778 999 2861 potius
1013 2775 1040 2838 si
1058 2777 1137 2860 quid
1155 2775 1189 2835 in
1207 2797 1244 2837 ea
1262 2775 1302 2838 sit

217 2873 298 2935 boni
322 2873 490 2958 decerpas,
512 2897 608 2958 quam
630 2897 703 2937 cum
723 2876 846 2939 araneis
868 2877 894 2940 si
921 2876 1001 2958 quid
1025 2866 1132 2938 vitiosi
1155 2897 1301 2959 exsugas.

221 2972 434 3047 Accesserant
450 2973 611 3036 coronidis
636 2973 705 3036 vice
724 2975 878 3058 Agathino
904 2976 1128 3059 epigrammata
1164 2967 1299 3056 ἐρωτικά

219 3071 260 3131 ab
291 3071 409 3133 illustri
430 3073 500 3135 viro
517 3073 655 3157 Iosepho
675 3074 837 3159 Scaligero
855 3075 955 3161 latine
978 3095 1086 3153 versa,
1114 3095 1220 3157 neque
1244 3095 1300 3132 aa·

160 3179 165 3189 ’
217 3168 310 3230 tehao
330 3174 412 3244 (uno
443 3160 536 3254 atque
565 3173 665 3236 altero
691 3180 840 3259 excepto)
863 3174 946 3258 typis
970 3175 1074 3254 edita,
1104 3196 1187 3258 quae
1209 3178 1300 3236 certe

180 3274 182 3277 ’
218 3267 379 3340 iuventuti
402 3268 563 3355 φιλέλληνι
576 3292 577 3299 “
591 3271 687 3333 veluti
707 3294 811 3357 canon
831 3273 962 3356 quidam
983 3255 1079 3358 atque
1096 3295 1208 3336 norma
1222 3294 1299 3336 rer·

216 3366 307 3428 tendi
330 3366 429 3428 latina
452 3365 490 3430 de
509 3371 629 3452 graecis
644 3391 712 3433 esse
728 3381 876 3456 possunt,
1004 3436 1006 3442 ,

224 3542 226 3545 ¹
333 3465 483 3550 ,Μορφῆς
499 3464 542 3540 ὥς
559 3464 710 3554 πλάσταις
730 3467 860 3535 κυάνεον
875 3470 1047 3557 βλέφαρον.
1094 3536 1096 3544 2

221 3625 223 3630 ,
297 3564 348 3625 Tu
368 3566 462 3626 etiam
487 3567 546 3646 bis,
566 3567 651 3630 bone
669 3560 781 3648 lector,
801 3579 892 3654 utere
911 3581 943 3634 et
961 3575 1082 3651 fruere,
1103 3578 1139 3633 'ut
1156 3554 1188 3634 et
1211 3592 1297 3657 non-

216 3664 315 3744 nullis
344 3665 488 3728 eiusdem
521 3668 675 3752 Agathiac
715 3669 993 3752 epigrammatibus
1028 3693 1110 3755 quae
1151 3648 1299 3749 nobilissl

215 3765 471 3850 clarissimusque
511 3768 564 3843 vir
593 3770 685 3828 Ianus
715 3769 824 3830 Donsa
859 3771 1016 3840 Dominus
1046 3793 1063 3831 a
1089 3763 1296 3856 Noortwyclr,

213 3872 383 3944 mnsageta.
396 3874 514 3944 noster,
532 3868 663 3955 uertit,
686 3865 804 3947 quibus
827 3876 859 3929 te
882 3870 1030 3933 fraudare
1053 3871 1162 3949 uolpi,
1184 3879 1218 3931 ut
1233 3893 1297 3934 nee

215 3963 357 4042 nobiliss.
391 3964 672 4047 doctissimumque
695 3967 800 4028 virum
821 3970 1029 4033 Theodorum
1052 3956 1226 4035 Canterum
1254 3995 1294 4035 eo

214 4063 357 4141 honore,
379 4065 468 4146 quod
488 4064 529 4126 de
546 4065 624 4126 locis
640 4065 793 4147 Agathino
815 4069 1000 4149 nonnullis,
1022 4093 1158 4153 quorum
1177 4071 1297 4134 lectio-¹

214 4183 289 4227 nem
310 4164 343 4225 in
359 4163 457 4226 suida
480 4163 600 4227 variare
621 4179 821 4247 compererat
837 4191 888 4232 me
915 4159 975 4253 per
995 4170 1103 4232 literas
1120 4171 1294 4251 monuerit,
