2730 4816
216 227 300 328 :114
645 234 876 338 sessuras

64 413 97 477 l.
109 411 137 535 (13
145 411 326 536 ρὸὅέπταῖεν
349 407 377 473 οἱ
392 399 500 495 ὅρνις,
521 398 543 492 ἦ
558 405 587 472 οἱ
608 404 697 484 κύνες
719 408 776 473 ούκ
793 404 906 474 αύτίκο
927 409 1147 496 ἐπιφοιτῶντες
1165 410 1322 499 διασπο-

111 510 135 536 s·
159 502 188 537 ‘2
252 503 266 527 ,,

218 519 365 592 ραξαιεν,
386 509 497 573 τοῦτον
516 505 555 591 δη
578 506 723 592 ἡγοῦνται
739 500 793 572 τόν
809 500 980 594 ἀνθρωπον
994 510 1322 593 βέβηλονγεηόνέναι

207 602 280 681 τούς
296 605 445 692 τρόπους,
474 603 530 670 καί
543 603 599 691 την
616 605 727 691 ψυχὴν
742 603 852 672 ἀδικον
871 610 926 672 καί
944 607 1162 694 βαροθροόδη,
1191 609 1251 672 καί
1264 610 1327 697 τῷ

208 706 293 792 κακηό
311 705 436 785 δαίμονι
461 704 636 790 ἀνειμένην.
659 706 731 769 τότε
749 704 788 790 δη
807 699 864 771 οάν
881 704 936 771 καί
951 711 1071 788 μᾶλλον
1089 704 1118 770 οἱ
1134 709 1327 792 ἐπιτήδειοι

208 799 261 867 τόν
281 803 422 886 κείμενον
444 801 672 888 ὀλοφύρονται,
704 804 748 880 ὥς
773 804 947 869 τελεώτατα
969 802 1156 889 τεθνηκότα,
1190 805 1250 871 καί
1271 801 1321 870 οιῖ
1350 821 1365 828 ‘

207 898 302 982 μετόν
316 897 408 990 αύτῷ
426 903 481 986 τῆς
500 903 669 988 κρείττονος
686 903 807 989 μοίρας.
840 899 875 980 ός
886 906 922 970 δὲ
937 897 977 970 ἀν
990 904 1123 988 τάχιστα
1138 911 1324 992 καταβρω-

207 999 299 1085 θείη,
327 1003 548 1087 ,μακαρίζουσι
570 1003 631 1087 »τῆς
660 996 880 1085 εάδαιμονίοις,
909 1001 964 1068 καί
989 1001 1046 1088 τὴν
1068 1003 1180 1089 ψυχὴν
1196 1003 1324 1091 ,ἀπερ-

183 1094 338 1180 ulysseas
356 1099 400 1175 ὥς
421 1101 493 1165 λίαν
510 1100 640 1186 ἀρίστην
668 1104 723 1166 καί
743 1102 917 1168 θεοείκελον
948 1104 1003 1167 καί
1022 1105 1055 1178 ἐς
1071 1101 1125 1167 τόν
1151 1105 1209 1168 τοῦ
1226 1097 1324 1187 ἀγα-

129 1201 157 1254 P·
166 1199 200 1256 01
209 1200 272 1261 θυῦ
284 1200 390 1284 χῶρον
407 1198 649 1286 ἀναβησομένην.
678 1199 707 1265 οἱ
728 1201 762 1269 δὲ
784 1201 894 1267 πολλοί
908 1199 964 1266 καί
981 1197 1168 1289 ἀσημότεροι
1181 1202 1316 1271 εἵπου

208 1296 242 1360 ἐν
265 1300 463 1384 στρατοπέδῳ
491 1299 618 1383 τύχοιεν
647 1299 729 1389 νόσῳ
755 1298 820 1365 τινί
844 1302 1064 1390 δυσκολωτάτη
1090 1304 1312 1385 πεπιεσμένοι,
1333 1320 1361 1359 1

131 1392 322 1478 ν·όόέ’μπνοι
343 1394 390 1462 ἔτι
407 1390 536 1482 ἀηονται
558 1398 616 1465 καί.
634 1400 794 1488 νηφάλιοι.
827 1398 957 1466 ἐπειδὰν
971 1405 1016 1488 ,δέ
1031 1428 1078 1480 τις
1099 1398 1203 1478 οὕτως
1218 1406 1323 1483 ἐκτε-

206 1496 298 1581 θείη,
327 1487 563 1586 ἀρτουττρόφος
587 1499 672 1587 αύτῷ
699 1502 754 1568 καί
776 1493 862 1586 ύδωρ
885 1497 941 1564 καί
958 1503 1112 1586 βακτηρία
1135 1504 1318 1588 ξυμπαρά-

206 1619 344 1662 κεινταν
373 1595 429 1662 καί
442 1601 540 1684 μέχρι
565 1603 626 1681 μὲν
640 1595 718 1676 ,οἷός
734 1623 769 1663 τε
790 1597 838 1685 εἴη
860 1602 915 1684 τῆς
934 1601 1054 1684 ἐδωδῆς
1074 1599 1315 1683 ἀπογεύεσθαι,

206 1704 265 1763 καί
280 1725 312 1764 τι
327 1702 491 1783 δυνάμεως
510 1702 594 1790 αὐτῷ
607 1701 813 1785 ἀπολείποιτο,
834 1700 851 1765 ό
869 1704 903 1769 δὲ
922 1698 1077 1782 ἀμύνεται
1091 1695 1192 1786 ταύτῃ
1203 1694 1315 1788 δητῇ

206 1805 357 1888 βακτηρίᾳ
384 1797 423 1878 τό
458 1797 584 1866 ἐπιόντα
610 1804 672 1866 τῶν
700 1800 805 1883 Cuius,
836 1799 891 1864 καί
914 1800 1067 1884 ἀποσοβεῖ
1092 1797 1166 1883 τούς
1193 1801 1310 1865 ‹latru-
1329 1815 1357 1856 Ι

192 1902 323 1984 ν’μόναςμ
341 1904 371 1965 εἰ
387 1892 527 1965 ‹lt-odas
541 1902 614 1982 ,μὲν
634 1898 768 1982 πάμπαν
783 1898 1007 1986 διαφθαρείη,
1039 1898 1133 1988 νικῴη
1156 1901 1192 1964 δὲ
1216 1893 1312 1980 ὅμως·

205 1998 244 2065 τά
267 2003 322 2085 τῆς
336 1999 428 2065 νόσου
447 1996 490 2076 τός
509 2001 620 2084 μηκέτι
638 2005 797 2064 κινεῖσθαι
815 1997 859 2064 το)
877 2007 982 2086 χεῖρε,
1009 1996 1078 2065 τότε
1095 1996 1133 2082 δη
1154 1997 1212 2064 τόν
1237 1999 1312 2065 δεί-

204 2109 295 2166 λαιον
308 2096 468 2185 ἡμιθνῆτα
489 2101 544 2163 καί
559 2091 867 2186 ἀρτιψυχορραγεῖν
890 2097 1067 2185 ἀρχόμενον
1083 2103 1300 2182 κατεσθίουσι,

180 2198 260 2278 ,καί
278 2201 550 2285 προαφαιροῦνται
569 2196 625 2282 τὴν
642 2197 755 2263 ἐλπίδα
777 2201 836 2262 τού
854 2192 991 2275 ἰόντοςάν
1007 2196 1063 2265 καί
1083 2199 1300 2284 περιέσεσθαι.

176 2301 315 2363 ,Βπολλοί
330 2295 387 2382 γὰρ
405 2289 463 2382 ἤδη
480 2292 734 2385 ἀναρρωσθέντες
751 2294 963 2382 ἀπενόστησαν
980 2299 1013 2374 ἒς
1031 2295 1070 2361 τό
1089 2300 1209 2377 οἰκεῖα,
1242 2313 1364 2361 sca-2

203 2399 306 2485 θάπερ
322 2400 468 2484 ε’νοκηνῇ
485 2395 539 2460 καί
552 2400 711 2486 τραγῳδίᾳ
725 2399 760 2461 ἐκ
776 2400 839 2461 τάν
859 2392 968 2462 σκότου
984 2398 1092 2462 uulsis
1109 2397 1294 2482 ἀφιγμένοι,

189 2496 313 2581 ἰσχνοί
322 2520 403 2570 τινες
427 2493 482 2559 καί
504 2488 711 2581 ἓτερόχραιτες
737 2497 792 2560 καί
810 2490 871 2562 οἷοι
889 2495 1086 2561 δεδίττεσθαι
1098 2493 1176 2571 τούς,
1188 2495 1301 2578 ἐντυγ-

191 2647 193 2651 ,
259 2601 298 2651 ’6.
318 2597 349 2655 dc
366 2596 397 2650 δὲ
415 2598 461 2660 rt,
481 2594 543 2649 ὅδὲ
559 2598 631 2667 vulg.
731 2600 760 2654 δ
781 2597 823 2650 Ad
839 2598 892 2649 τού
910 2594 1027 2667 ἀγαθοῦ
1048 2599 1115 2653 Bou.
1135 2597 1212 2649 Vale
1233 2596 1297 2648 δαί-

233 2692 236 2696 ’
272 2685 362 2740 μονος
381 2668 539 2720 addendum
558 2669 694 2720 censebat
814 2686 853 2722 rr.
872 2669 1024 2738 ἐξαγονται
1042 2671 1112 2721 coni.
1131 2670 1198 2719 Bon.
1217 2669 1293 2722 Vule

205 2755 207 2763 ·
276 2759 315 2793 ra.
336 2739 582 2811 ξυμπαριίκειντυι
612 2741 658 2803 a,
683 2739 1008 2811 ξυμπαράκειταιτιιίρ.
1100 2739 1138 2805 14.
1157 2737 1246 2810 ταύτῃ
1264 2737 1295 2791 δὲ

272 2811 364 2878 (scrib.
376 2801 424 2882 dri)
433 2811 464 2883 τῇ
483 2815 559 2879 βακε.
575 2811 603 2861 R.
616 2847 624 2874 ‚
636 2806 668 2876 dri
685 2829 707 2862 τ.
717 2815 793 2879 βυκτ.
810 2810 896 2882 ταύτῃ
914 2812 985 2879 vulg.
1047 2810 1086 2862 16.
1099 2807 1293 2879 τιάμπαναδδ.

271 2885 342 2934 cxli.
1223 2922 1225 2925 .

203 2978 232 3025 et
247 2970 376 3023 barathro
395 2969 514 3042 dignum,
529 2971 664 3040 vmaloque
681 2967 808 3022 daemoni
828 2969 955 3022 dicatum.
992 2968 1063 3022 Tum
1080 2985 1161 3039 porro
1181 2977 1210 3021 et
1231 2972 1295 3042 qui-

202 3041 265 3094 dem
281 3043 363 3110 magis
381 3043 525 3094 necessarii
549 3050 631 3113 atque
650 3041 730 3092 amici
749 3041 884 3093 iacentem
909 3041 1005 3110 lugent
1030 3039 1213 3111 lamentisque
1231 3059 1295 3111 pro-

201 3121 370 3182 sequuntur,
398 3112 565 3181 utpeuitus
590 3120 760 3180 emortuum,
784 3128 879 3184 neque
904 3109 1024 3163 melioris
1051 3109 1101 3163 fati
1121 3112 1294 3179 participem.

202 3180 259 3250 Qui
277 3180 340 3232 vero
363 3183 595 3252 quamcitissime
620 3181 763 3233 devoratus
784 3182 888 3245 luerit,
915 3181 1104 3233 felicissimum
1123 3181 1292 3248 praedicant,

202 3251 315 3332 eiusque
342 3254 458 3303 animam
484 3269 586 3303 summa
612 3252 793 3304 admiratione
817 3259 1034 3322 prosequuntur,
1060 3260 1092 3302 ut
1110 3251 1191 3321 louge
1210 3270 1292 3322 prae·

202 3322 394 3377 stantrssimam
419 3330 447 3372 et
470 3323 529 3373 Deo
551 3323 670 3374 similem
696 3331 723 3374 et
746 3324 775 3373 iu
793 3322 887 3374 beatas
910 3322 987 3374 sedes
1017 3321 1190 3372 evolaturam.
1228 3324 1293 3375 Pro·

200 3390 302 3441 misena
323 3407 386 3442 vero
405 3400 433 3442 et
451 3392 592 3444 obscurior
609 3391 703 3453 turba,
723 3392 812 3444 sicubi
831 3393 860 3443 in
882 3394 1006 3444 exercitu
1027 3392 1185 3460 gravissimo
1198 3393 1291 3463 aliquo

200 3460 295 3517 morbo
314 3469 468 3529 prematur,
492 3464 626 3530 spirantes
658 3460 746 3512 adhuc
775 3471 803 3514 et
830 3471 923 3514 mente
949 3469 1103 3515 constantes
1122 3460 1292 3516 educuntur:

199 3539 379 3602 posteaquam
402 3548 465 3582 vero
496 3548 529 3582 ex
550 3533 634 3583 ositus
659 3530 688 3580 in
715 3530 788 3583 hunc
813 3533 926 3584 modum
953 3533 1054 3604 aliquis
1085 3530 1186 3596 fuerit,
1212 3533 1291 3602 panis

199 3605 316 3656 furscum
337 3604 363 3654 ei
388 3609 416 3653 et
437 3619 506 3672 aqua
530 3549 697 3670 baculusque
725 3601 801 3653 iuxta
821 3611 1016 3671 apponuntur,
1043 3609 1074 3653 ut
1096 3603 1228 3672 quamdiu
1250 3605 1291 3656 ci-

200 3674 266 3726 bum
286 3672 427 3743 dcgustare
452 3671 538 3740 possit
568 3680 596 3723 et
612 3672 712 3728 virium
728 3672 835 3742 aliquid
854 3672 880 3724 ei
899 3673 1024 3742 supersit,
1043 3671 1142 3723 baculo
1160 3673 1212 3725 illo
1230 3674 1291 3726 ani-

200 3743 462 3808 mant,ia,irrsrerrtia
485 3750 590 3805 arceat,
621 3742 808 3813 epuloncsque
827 3744 978 3813 propulset.
1021 3743 1050 3793 Si
1075 3759 1139 3793 vero
1165 3744 1290 3797 noudum

109 3852 115 3870 s
201 3814 313 3884 quidem
332 3814 480 3876 interierit,
508 3813 600 3863 vincat
618 3820 707 3862 tamen
726 3814 766 3864 vis
791 3813 880 3865 morbi
898 3813 976 3877 adeo,
994 3813 1098 3864 utiam
1115 3829 1212 3865 manus
1231 3831 1291 3866 am-

199 3885 272 3954 plius
291 3901 398 3937 movere
421 3892 558 3955 nequeat,
586 3889 644 3936 tum
668 3884 765 3953 utique
793 3884 922 3935 miserum
950 3884 1158 3936 semimortuum
1177 3886 1216 3936 let
1234 3886 1289 3936 iam

200 3955 318 4005 animam
337 3970 414 4025 agere
440 3954 617 4024 incipientem
637 3951 790 4019 devorant,
808 3963 837 4006 et
855 3970 929 4023 spem
948 3955 1051 4008 diutius
1073 3954 1156 4005 etiam
1174 3953 1289 4007 fortasse

199 4026 309 4079 vivendi
333 4024 523 4094 praeripiunt„
548 4021 630 4076 Multi
665 4024 739 4075 enim
758 4041 820 4075 cum
843 4028 897 4077 iarn
924 4023 1142 4087 convaluissent,
1176 4023 1289 4081 domurn

200 4095 342 4164 redieruut
360 4094 447 4146 veluti
464 4096 494 4146 iu
512 4111 592 4146 scena
621 4100 649 4146 et
673 4094 815 4165 tragoedia
845 4113 879 4148 ex
902 4095 1081 4149 tenebricosis
1117 4095 1182 4147 Orci
1200 4096 1287 4166 portis

200 4167 315 4232 reuersi,
333 4164 472 4220 macilenti
486 4165 599 4238 quidum
625 4171 654 4219 et
679 4164 819 4220 decolores
853 4165 1003 4239 obviosque
1020 4164 1221 4223 terriculantes.
1258 4163 1287 4219 Si
