2730 4816
246 239 312 327 60‘
684 227 892 332 sananim

13 410 16 415 ¹
95 447 124 501 Α,
137 447 166 498 c,
184 421 295 499 552nai
312 416 512 507 όναοτροφός
528 422 567 508 τῇ
586 419 677 508 πεόρρ
702 422 963 503 πεπαιδευμένου·
990 421 1070 486 άλλό
1097 420 1155 507 γάρ
1182 421 1239 487 καό
1255 425 1322 487 τῶν

96 506 112 518 ι’
134 545 153 605 1,
167 544 186 592 1,
198 517 323 608 fficigco’
339 518 434 585 αότόν
452 518 527 596 τούς
546 515 656 584 όπόσοι
671 520 709 584 οό
728 520 859 599 πάμπαν
880 515 1011 603 ἀγνῶτες
1026 518 1065 585 τά
1083 521 1219 602 πολέμια
1236 512 1321 606 ἦσαν

152 669 155 673 ·
216 665 217 668 =
241 619 420 686 ἓπεσδαιόἱ
438 620 571 684 ε’κὲλευε.
591 617 646 682 κατ’
668 615 698 681 οἱ
724 621 783 700 μὲν
809 621 843 695 tr
866 616 940 696 τοός
969 621 1084 695 ἵππους
1109 619 1322 706 ἀναθορόντες

127 715 133 725 ”
241 711 338 807 (ἦσαν
353 721 388 783 δὲ
407 709 518 803 ἄνδρες
537 718 571 790 ἐς
584 717 797 805 τριακοσίους)
824 719 1031 802 ἐφωμάρτουν
1050 741 1084 782 τε
1103 719 1158 782 καί
1180 715 1323 802 ἐπήλαυ-

241 841 294 884 νον
312 813 368 882 tat
387 819 448 881 τῶν
465 813 628 896 πολεμίων.
651 811 681 878 οἱ
701 817 736 900 δὲ
756 815 908 893 ἐσιδόντες
931 814 1049 892 αότοός
1069 816 1223 896 ἐπιόντας,
1244 819 1346 888 οπο-5

242 916 343 1004 ράδην
369 918 429 996 μὲν
458 914 561 978 οόκέτι
578 913 695 998 ἠλῶντο
703 964 713 994 ,
737 907 819 982 ,οόδὲ
845 909 934 995 οἶμαι
954 916 1011 998 τῆς
1034 916 1121 988 λείας
1139 916 1324 998 ἐμέμνηντο·

241 1017 428 1103 ἠθροίζοντο
446 1015 482 1078 δὲ
498 1011 553 1076 ε’πό
571 1016 656 1099 σφοῖς
671 1007 818 1106 άπαντες,
839 1009 875 1076 τό
890 1036 925 1076 τε
948 1011 1071 1078 ἱππικὸν
1098 1009 1154 1075 καό
1176 1008 1326 1092 cinctae,

211 1116 298 1189 υκαό
324 1117 356 1188 ἐς
375 1113 521 1198 φάλαγγα
544 1112 781 1194 ξυνετάττοντο,
810 1116 945 1195 βαθεῖαν
963 1114 1024 1194 μὲν
1041 1103 1111 1174 οότι
1130 1107 1219 1191 μάλα
1243 1110 1328 1195 (πῶς

220 1213 303 1298 ,γάρ
325 1207 442 1281 οἷόντε
461 1203 498 1296 ἦν
515 1205 553 1274 oi
569 1208 696 1297 σφόδρα
716 1213 838 1275 πολλῶν
858 1205 958 1277 αότοό
975 1210 1187 1298 άφιγμένωνς)
1214 1231 1329 1293 καρτε-

243 1313 304 1398 ράν
318 1314 353 1376 δὲ
377 1304 465 1391 όμως
485 1313 528 1400 τῷ
545 1310 753 1397 συνασπισμῷ
768 1309 822 1373 uui
837 1312 882 1399 τῷ
906 1306 945 1375 τά
965 1312 1041 1395 κέρα
1062 1311 1096 1372 ἒν
1116 1309 1221 1395 κόσμῳ
1239 1317 1355 1377 συν-ιι

242 1415 425 1477 νενευκέναι.
444 1408 476 1474 oi
496 1412 531 1473 δὲ
545 1409 703 1490 Ῥωμαῖοι
714 1406 829 1494 ε’πειδῆ
850 1413 883 1486 ἐς
905 1407 998 1488 τόξου
1013 1413 1048 1493 γ“ε
1065 1400 1126 1492 ἤδη
1145 1404 1241 1490 βολὴν
1257 1407 1327 1489 ε’γε-

242 1513 385 1596 γένηντο,
411 1511 545 1591 ε’μμόξαι
567 1511 626 1588 μὲν
648 1510 703 1571 καί
722 1507 882 1602 συρράξαι
898 1519 962 1584 τοῖς
984 1508 1144 1589 πολεμιόις
1164 1495 1202 1570 eri
1221 1528 1328 1588 παρα-

243 1613 440 1692 τεταγμένοις
450 1602 561 1693 ἥκιστα
577 1598 670 1695 ᾤοντο
685 1609 810 1692 χρῆναι,
831 1607 999 1688 τοξεύμασι
1011 1609 1046 1672 δὲ
1063 1603 1118 1671 καί
1133 1601 1328 1683 ἀκοντισμο-

236 1731 295 1773 σιν
318 1703 607 1792 ἀκροβολιζόμενοι,
648 1707 816 1790 ἐπειρῶντο
840 1711 961 1793 σφῆλαι
986 1703 1063 1781 τοός
1091 1702 1327 1791 πρωτοστάτας,

119 1806 120 1809 ’
154 1839 156 1842 >
244 1805 299 1869 uni
316 1802 486 1890 διαρρῆξαι
510 1799 573 1891 ’τὴν
588 1802 745 1886 πύκνωσιν
768 1793 827 1869 τοό
847 1805 999 1885 μετώπου.
1029 1797 1102 1874 ἀλλ”
1125 1803 1237 1865 ἐκεῖνοι
1257 1807 1355 1891 ταῖςςξ

244 1899 374 1970 οἷσπόσιν
389 1895 503 1987 άριστα
521 1903 816 1989 περιπεφραγμένοι,
838 1905 964 1968 ἵσταντο
982 1896 1156 1987 άστεμφεῖς
1178 1899 1235 1963 καό
1251 1895 1329 1962 α’δό-

243 2027 344 2086 νητοι,
374 1997 517 2083 οόδαμοῢ
541 1999 577 2066 τό
604 2003 733 2083 συνεχὲς
753 2004 808 2087 τῆς
832 2002 949 2081 τάξεως
972 2003 1171 2083 διασπῶντες,
1192 1995 1332 2063 suriunt

197 2165 199 2169 .
246 2096 325 2188 ὕλης
341 2098 424 2176 τινός
444 2091 556 2174 λασίας
580 2098 789 2186 κυρήσαντες,
820 2095 923 2186 ῶσπερ
945 2099 1082 2188 όρόματι
1105 2109 1170 2174 τοῖς
1188 2098 1329 2181 δένδροις

160 2220 187 2284 p,
205 2201 388 2286 3όὲχρῶντο.
409 2192 470 2285 ἤδη
491 2201 526 2266 δὲ
549 2201 604 2265 καί
620 2189 689 2274 τοῖς
710 2192 847 2282 άγγωσιν
866 2199 1022 2285 ἦμάνοντο
1047 2196 1223 2283 βάλλοντες·
1245 2191 1329 2260 οότω

173 2381 179 2392 ⁸
246 2299 306 2386 γάρ
325 2293 433 2374 αότοῖς
457 2299 497 2363 τά
514 2296 670 2383 ἕπιχῶρια
688 2295 806 2384 δόρατα
821 2297 1051 2396 ἐπωνόμασται.
1330 2327 1355 2367 τι

330 2398 385 2481 κβ.
413 2394 481 2475 Ὣς
501 2401 536 2464 δὲ
553 2399 646 2463 οόδὲν
665 2400 890 2482 ἐπημαόνοντο,
925 2398 1179 2482 διαλογισάμενος
1205 2390 1328 2460 ἅπαντα

247 2496 268 2562 ό
289 2499 434 2582 Ναρσῆς,
455 2497 649 2583 βαρβαρικήν
666 2523 736 2564 τινα
757 2497 946 2583 στρατηγίαν
963 2497 1018 2562 καί
1028 2501 1147 2580 μάλλον
1163 2496 1228 2572 τοῖς
1246 2487 1330 2560 oir-

247 2620 312 2677 νοις
332 2596 578 2682 μεμελετημόνην
599 2598 791 2682 ἐμηχανᾶτο,
807 2600 929 2663 ἐκέλευε
950 2595 1010 2683 γάρ
1034 2596 1111 2671 τοός
1134 2595 1215 2682 ἀμφ’
1230 2589 1330 2658 αὐτὸν

321 2719 589 2804 ιζπεπαιδευμένου
608 2735 636 2785 Βῤ
655 2733 720 2807 (Cl.)
741 2733 823 2803 Lugd.
843 2753 868 2791 2.
885 2751 930 2798 m.‚
947 2731 1174 2804 πεπαιδευμένος
1193 2729 1255 2784 edd.
1303 2731 1329 2798 4,

317 2801 347 2858 ic
363 2809 546 2872 τριακοσίους
561 2807 600 2867 λλ,
619 2804 647 2863 ἐς
666 2800 731 2861 τοὺς
747 2821 790 2874 τρ.
805 2805 874 2872 vulg.
927 2806 951 2856 6.
972 2805 1133 2875 ἐμέμνηντο.
1152 2805 1197 2855 Sic
1214 2803 1328 2854 correxi.

316 2871 463 2944 ἐγίγνοντο
473 2877 502 2929 R.
512 2875 615 2946 etvulg.
654 2878 694 2929 16.
705 2876 1002 2947 περιπεφρ.Β.,πεφρ.
1011 2877 1081 2961 vulg.¹
1120 2872 1329 2946 ιφόγκωσινλλ.

247 2993 341 3046 iussit:
361 2996 410 3065 qui
429 2997 539 3068 quidem
557 2998 587 3048 iu
608 3013 692 3066 equos
709 2995 863 3049 insilientes
881 2995 971 3070 (erant
984 3012 1047 3048 vero
1060 2997 1110 3047 viri
1122 2992 1249 3064 trecenti)
1269 3008 1330 3052 eum

247 3065 344 3126 secuti,
370 3073 441 3116 recta
465 3068 494 3118 in
518 3065 624 3125 hostem
650 3067 856 3119 contenderunt.
900 3069 969 3118 Tum
992 3066 1023 3119 hi
1046 3083 1091 3117 eos
1110 3066 1243 3114 irruentes
1264 3080 1330 3113 con-

247 3134 359 3200 spicati,
376 3151 432 3186 non
452 3138 506 3186 iam
522 3140 644 3203 palantes
661 3139 773 3208 sparsim
783 3138 961 3208 vagabantur,
978 3153 1069 3207 neque
1086 3135 1201 3185 arbitror
1214 3133 1331 3200 praedae

246 3217 378 3253 memores
391 3211 474 3267 erant,
493 3206 540 3257 sed
557 3211 681 3275 protinus
698 3225 756 3260 sese
773 3211 879 3279 equites
898 3207 1058 3276 peditesque
1079 3211 1287 3272 congregarunt,
1304 3211 1331 3254 et

248 3271 278 3328 in
296 3289 380 3322 unum
393 3291 487 3342 agmen
500 3281 727 3345 ‘composuerunt3
756 3296 811 3329 non
834 3277 944 3347 quidem
959 3275 1029 3326 illud
1051 3272 1163 3325 densum
1179 3272 1240 3341 (qui
1258 3276 1331 3325 enim

249 3341 308 3391 fieri
322 3349 438 3409 poterat,
456 3361 516 3394 cum
532 3363 587 3397 non
605 3347 750 3399 admodum
761 3349 849 3398 -multi
861 3365 892 3399 eo
910 3343 1076 3415 venissent?)
1096 3343 1215 3394 validum
1230 3351 1331 3406 tamen,

249 3428 310 3472 cum
326 3421 442 3464 scutatos
461 3415 535 3466 inter
552 3433 580 3466 se
596 3427 731 3469 consertos
750 3419 873 3487 equitum
889 3417 948 3467 alae
963 3417 1108 3483 cingerent.
1144 3415 1258 3464 Romani
1268 3431 1330 3468 vero

250 3499 310 3533 cum
324 3481 376 3532 iam
392 3483 463 3534 intra
479 3484 529 3535 teli
546 3486 648 3538 iactum
664 3489 865 3557 pervenissent,
892 3503 986 3536 manus
1011 3485 1121 3555 quidem
1140 3501 1282 3537 conserere
1304 3494 1332 3535 et

251 3551 395 3620 confligere
413 3571 474 3605 cum
493 3553 618 3607 hostibus
633 3558 764 3608 instructa
782 3558 839 3607 acie
860 3556 993 3606 stantibus
1010 3571 1183 3625 nequaquam
1202 3556 1332 3621 expedire

251 3622 414 3676 censebant:
441 3627 545 3692 sagittis
564 3641 627 3676 vero
655 3634 683 3677 et
699 3626 801 3677 'iaculis
821 3627 964 3682 velitantes
983 3626 1096 3694 primam
1116 3627 1202 3676 aciem
1226 3625 1331 3676 labefa-

251 3700 322 3748 ctare
340 3694 491 3763 frontisque
512 3693 672 3748 densitatem
688 3695 841 3766 diffringere
866 3696 1039 3748 conabantur.
1075 3695 1111 3748 At
1124 3697 1168 3748 illi
1188 3711 1247 3747 cum
1261 3698 1333 3749 inter

250 3779 279 3816 se
296 3767 378 3815 scutis
393 3767 495 3834 optime
514 3774 604 3816 essent
623 3768 781 3834 constipati,
800 3767 871 3817 firmi
888 3767 1048 3837 immotique
1064 3768 1181 3830 stabant,
1201 3768 1332 3837 nullaque

251 3843 374 3901 exparte
390 3837 458 3887 aciei
474 3837 630 3891 ,continuum
648 3836 854 3903 convellebant3
879 3836 1014 3908 siquidem
1032 3847 1060 3890 et
1073 3837 1182 3890 densam
1198 3835 1333 3906 quandam

251 3901 345 3967 silvam
362 3909 453 3968 nacti,
482 3905 623 3958 arboribus
641 3915 672 3958 ut
688 3908 758 3960 vallo
779 3904 934 3972 utebantur.
971 3908 1103 3961 Iamvcro
1120 3910 1200 3962 etiam
1216 3909 1333 3967 telorum

252 3974 325 4041 iactu
341 3991 370 4025 se
387 3977 541 4039 tuebantur,
561 3994 630 4046 quae
647 3979 735 4044 patria
752 3979 870 4047 ipsorum
887 3979 982 4046 lingua
999 3997 1116 4049 angones
1134 3987 1273 4032 vocantur.

324 4061 365 4094 22.
401 4047 468 4103 Cum
493 4047 586 4116 itaque
609 4047 681 4098 nihil
703 4047 794 4109 damni
821 4051 988 4118 acciperent,
1012 4050 1107 4103 Narses
1126 4049 1217 4101 omnia
1242 4063 1332 4103 secum

253 4119 398 4182 reputans,
428 4116 572 4179 barbarum
598 4115 734 4186 quoddam
755 4120 913 4189 stratagema
931 4126 959 4171 et
977 4119 1081 4172 Hunnis
1103 4120 1186 4189 magis
1204 4120 1332 4178 usitatum

254 4184 423 4264 excogitavit·
458 4187 541 4252 luat
566 4190 817 4264 animantem
841 4198 978 4255 vertentes
1004 4199 1147 4254 retrorsum
1171 4190 1332 4253 concitatius
