2738 4816
522 635 1040 764 atvuecaau

315 816 680 879 Demetrio
730 818 800 877 ar
848 770 1223 902 panormo

485 963 699 1039 uorspun
730 963 773 1013 nt
809 954 1052 1044 scaritum.
1116 980 1120 984 ·
1160 1019 1170 1036 ,Ι
1209 933 1211 937 ’

307 1278 309 1282 ”
375 1269 586 1320 NOBILISS.
636 1269 991 1332 AMPLISSIMOQUE
1031 1271 1157 1334 VIRO,

227 1361 541 1486 1).10ANN'1
577 1392 659 1484 AB
696 1390 1306 1504 amorraeorum,

350 1614 352 1627 ,
395 1568 795 1620 IURISCONSULTO
829 1569 1131 1618 CLARISSIMO

297 1704 499 1754 ILLUsTttlttM
524 1701 686 1750 oaotuan
710 1700 924 1748 nomana
947 1702 986 1748 rr
1010 1700 1233 1752 WEsmsssltE

517 1798 705 1872 rovocare
725 1799 764 1845 ar
789 1803 811 1844 a
838 1797 1010 1847 causans.
1074 1852 1075 1856 ,

674 1941 861 1955 m

223 2079 319 2157 Quon
341 2079 490 2158 Agatltiae
523 2098 591 2139 meo
611 2077 824 2159 superioribus
854 2075 937 2136 bisce
966 2074 1076 2137 diebus
1099 2074 1145 2136 ad
1160 2073 1306 2138 Illustres

221 2178 417 2239 Hollandiac
437 2191 465 2236 et
492 2175 696 2256 Westfrisiae
723 2171 860 2234 Ordines
880 2174 999 2234 aditam
1032 2177 1210 2256 aperueris,
1243 2197 1305 2236 no-

222 2281 319 2342 biliss.
341 2278 587 2359 amplissimeque
604 2279 674 2353 nir,
710 2287 831 2336 secutus
846 2295 877 2332 es
890 2275 1059 2352 ingenitam
1075 2275 1132 2336 tibi
1147 2275 1304 2357 planeque

220 2379 383 2461 propriam
407 2377 624 2455 benignitatem
644 2387 747 2450 tuam,
770 2373 973 2451 etsingulare
986 2365 1147 2454 quoddam
1163 2373 1304 2432 iuuandi

220 2475 415 2557 ornandique
439 2474 601 2534 literarum
621 2474 756 2533 cultores
775 2473 928 2532 studiant
951 2470 1061 2556 Quod
1074 2492 1152 2532 nero
1174 2472 1224 2530 illi
1238 2473 1303 2555 ipsi

222 2573 357 2633 Ordines
396 2575 455 2632 boe
481 2573 639 2655 quidquid
667 2587 710 2632 est
740 2593 825 2631 meae
854 2570 974 2652 opellae
1011 2570 1129 2630 illustri
1159 2571 1300 2653 ipsarum

219 2675 339 2732 nomini
363 2673 546 2756 inscriptum
578 2671 657 2732 adeo
685 2671 854 2754 splendido
880 2671 1022 2753 praemio
1049 2670 1300 2752 compensarint,·
1336 2663 1338 2665 ⁵

210 2771 358 2855 fecerunt
386 2772 529 2855 profecto
565 2794 630 2831 rem
655 2772 870 2854 potentissima
881 2767 1174 2853 florentissimaque
1194 2754 1299 2849 Repu-

219 2871 300 2931 blica
323 2888 380 2943 sua
406 2871 640 2951 dignissimam,
677 2882 708 2929 et
736 2870 813 2928 mibi
838 2868 1025 2928 liberalitate
1054 2864 1110 2926 sua
1131 2863 1299 2947 plusquam

217 2969 301 3047 regia
319 2961 492 3031 maximum
511 2952 630 3031 adhoc
652 2967 751 3030 studii
771 2989 867 3048 genus
892 2969 1028 3027 alacrius
1045 2965 1296 3050 persequendum

217 3065 530 3133 calcaraddiderunt.
569 3069 661 3129 Recte
673 3088 748 3129 aero
759 3066 960 3145 Symmachus
973 3065 1053 3142 (Lib.
1065 3070 1091 3125 t.
1105 3063 1208 3146 Epist.
1219 3064 1296 3144 γᾶ),

201 3228 202 3231 ¹
217 3163 262 3222 ad
271 3167 457 3247 Hesperium
469 3187 556 3225 suum
567 3169 717 3238 scribens,
738 3167 816 3243 Scis,
830 3169 943 3248 inquit,
962 3165 1061 3225 honae
1073 3171 1155 3224 artes
1165 3162 1290 3223 honore

217 3261 353 3337 nutriri,
378 3271 472 3344 atque
491 3263 553 3324 hoc
575 3247 736 3346 specimen
755 3285 822 3325 esse
846 3261 987 3322 florentis
1005 3261 1235 3343 Reipublicae,
1258 3268 1293 3320 ut

216 3357 458 3440 disciplinarum
488 3361 720 3444 professoribus
747 3360 887 3442 praemia
917 3360 1069 3443 opulenta
1097 3360 1292 3443 pendantur,

219 3457 289 3547 Quo
306 3455 433 3538 quidem
450 3460 567 3545 eximio
591 3459 741 3543 benefipio
763 3473 795 3518 ut
818 3442 866 3519 me
881 3460 944 3521 sibi
967 3460 1001 3519 in
1022 3470 1205 3543 perpetuum
1233 3459 1291 3518 de-

151 3615 152 3619 ,
216 3550 408 3615 vinxerunt:
428 3557 473 3616 ita
497 3558 573 3630 tibi,
606 3559 660 3617 vir
693 3558 832 3622 nobiliss.
861 3547 923 3639 ⁸qui
943 3578 1061 3617 summa
1082 3556 1170 3640 apud
1196 3555 1292 3617 Ordi-

144 3698 145 3701 ¹
217 3654 327 3714 nesab
355 3655 503 3714 eximiam
528 3654 706 3715 doctrinam
729 3654 988 3737 prudentiamque
1014 3666 1116 3732 tuam,
1148 3667 1179 3714 et
1194 3674 1292 3737 prae·

215 3750 303 3811 clara
323 3753 356 3810 in
375 3753 532 3837 Rempubl.
546 3747 679 3825 merita,
702 3754 789 3814 vales
807 3755 996 3814 authoritate
1016 3766 1046 3813 et
1063 3754 1183 3832 gratia,
1203 3752 1294 3833 quod

217 3859 269 3907 tua
289 3850 441 3931 imprimis
467 3853 733 3913 commendatione
761 3853 849 3929 adeo
866 3855 996 3931 uberem
1019 3850 1287 3935 bonorifieumque

215 3947 355 4009 laborum
375 3971 512 4011 meorum
525 3951 666 4032 fructum
684 3954 896 4035 perceperim,
918 3973 1011 4033 qtaam
1033 3953 1188 4012 maximas
1210 3969 1291 4032 pos·
1355 3991 1356 3999 a

215 4068 283 4106 sana
303 4069 358 4127 ago
374 4051 514 4127 gratias,
535 4050 692 4110 relaturus
708 4050 898 4133 aliquando,
922 4054 950 4110 si
964 4051 1086 4111 occasio
1106 4061 1136 4108 et
1144 4046 1286 4128 facultas

134 4139 138 4142 ’
215 4158 365 4242 suppetat.
414 4151 553 4228 Interea,
583 4149 728 4220 memoris
760 4150 902 4232 gratique
932 4150 1029 4211 animi
1051 4147 1149 4207 veluti
1170 4147 1284 4228 pignus
