2738 4816
471 232 689 319 sassures.
1072 239 1125 299 xv

86 393 142 454 dun
158 370 234 468 edita
254 387 322 468 ¹⁶):
345 387 432 471 qnod
455 389 542 450 s'iita
560 396 624 464 est,
642 392 853 470 quaecunque
876 369 910 450 in
930 389 994 452 'hoc
1011 410 1127 474 genere

85 491 232 553 lastiniano
268 488 468 571 antiquiora,
485 482 571 571 ¹post
599 485 782 570 Philippum
812 488 1128 552 Thessalonicensem

85 589 182 671 scripte,
206 588 366 670 legimus,'
385 587 593 663 abacorum,
615 584 706 646 cuius
726 587 848 647 mentio*
867 588 970 648 omnis
986 588 1129 670 perierit,

83 687 279 770 conprehensa
303 686 402 748 fuisse
435 706 563 747 necesse
585 693 660 744 est.v
684 686 754 763 Qua
775 706 882 768 opera,
908 707 1002 768 quam
1023 686 1128 748 Theo·
1227 754 1229 757 v

82 786 143 848 doro
157 785 325 849 Decurioni
349 786 395 860 ¹⁷)
413 780 591 866 inscripsitp
614 783 717 864 palam
739 791 787 844 est
807 804 879 844 eum
903 785 1127 868 potentiorum,

82 878 179 969 quales'
190 883 312 947 Paulus
330 881 533 944 silentiarius
545 890 547 895 ’
558 880 826 963 Macedoniaeque
844 881 997 944 erccnsul
1018 890 1127 960 erant,

81 1004 191 1065 qnorum
210 982 349 1066 plurima
372 979 544 1064 colligebat
571 979 745 1063 poematia,
774 982 914 1042 favorem
936 989 1130 1063 aucupatum

77 1102 141 1161 resse.
165 1081 211 1141 Er
232 1081 283 1143 his
298 1081 433 1153 Paulum
445 1080 595 1141 laudibus
613 1094 677 1140 non
697 1079 862 1142 immeritis
876 1081 1013 1159 extollit,
1032 1089 1128 1162 atque

82 1178 182 1241 clientis
200 1172 315 1241 officiis
331 1179 465 1241 comiter
479 1172 586 1240 colere
609 1176 798 1257 rideturffl).
849 1181 916 1257 lloc
934 1179 1128 1264 ipsol'aulo,

82 1277 132 1337 uisi
146 1299 188 1340 me
204 1278 388 1340 coniectura
405 1276 535 1359 decipit,
557 1275 822 1360 Eutychianoque
841 1278 978 1359 quodam
995 1279 1129 1340 hortan-

82 1373 198 1457 uturp),
217 1384 344 1438 mortuo
355 1374 534 1438 Iustiniano
550 1375 738 1458 imperatore
751 1376 808 1453 ²⁰),
830 1377 871 1437 ud
887 1377 1049 1439 historiam
1059 1377 1128 1438 aevi

82 1473 121 1534 sni
134 1475 319 1538 scribendam
337 1474 480 1536 animum
497 1473 630 1535 adiecit=
652 1494 751 1554 qnnm
770 1472 810 1534 ad
831 1474 1025 1556 trigesimum
1043 1484 1129 1555 certe

82 1573 165 1635 aetatis
178 1594 298 1635 annum
312 1571 523 1657 pervenisset.
568 1570 672 1632 Credo
691 1578 796 1629 tamen
818 1591 889 1630 eum
905 1571 961 1632 diu
975 1570 1129 1654 colligen-

83 1667 121 1730 dis
142 1671 349 1734 tantnmmodo
383 1668 619 1732 narrationibus
654 1689 783 1751 operam
813 1666 954 1730 dedisset
992 1690 1130 1752 namque

76 1787 141 1850 opus
162 1772 244 1854 qnod
271 1760 320 1834 adv
342 1792 401 1833 nos
423 1770 573 1854 pervenit
600 1770 679 1832 adso
702 1769 834 1853 exiguae
860 1767 953 1830 molis
982 1777 1046 1848 est,
1079 1779 1141 1844 nt,·

82 1885 158 1946 quum
172 1892 206 1932 ea
227 1891 308 1954 quae
330 1870 370 1933 de
385 1869 534 1932 Chosrois
553 1869 641 1931 exitu
660 1878 828 1931 narrantur
848 1866 1026 1930 acciderint
1046 1888 1131 1929 anno

81 1964 149 2047 577„
173 1990 265 2033 nemo
292 1968 353 2032 sibi
381 1969 570 2052 persuadeat
595 1966 645 2029 illi
675 1967 909 2032 conscribendo
937 1966 1131 2029 decennium

82 2065 191 2143 potuisse
222 2067 381 2152 impendi:
420 2069 484 2128 imo
521 2088 560 2129 eo
597 2066 743 2151 amplius.
792 2069 872 2130 Nam
901 2086 941 2127 ne
971 2066 1030 2127 ista
1059 2064 1132 2148 qni-

82 2159 137 2224 dsu
161 2167 195 2228 de
212 2167 382 2229 Persarum
401 2166 484 2250 regis
516 2166 592 2249 fuga
613 2175 645 2228 et
663 2175 764 2230 morte
788 2183 862 2228 mox
885 2172 957 2249 post
983 2173 1134 2228 eventum

82 2259 171 2345 scripu
197 2286 283 2343 esse,
313 2266 480 2350 perspicue
508 2265 673 2349 apparebit
695 2263 910 2328 consideranti
928 2264 991 2340 ²1).
1041 2261 1134 2324 Hand

81 2362 163 2420 tanen
180 2363 293 2427 debilis
317 2365 500 2427 coniectura
520 2371 585 2442 est,
613 2364 741 2446 quando
755 2363 903 2447 Agathias
927 2361 966 2424 de
987 2359 1135 2422 Mauricii

81 2459 155 2541 gestis
169 2463 320 2540 narrabat,
342 2463 431 2526 huuc
449 2461 554 2525 adhuc
573 2462 731 2545 privatum
747 2464 858 2525 fnisse:
881 2460 1000 2544 qnippe
1025 2479 1132 2542 quem,

80 2552 174 2639 absque
192 2562 257 2624 ulla
275 2563 390 2624 summi
409 2561 526 2644 fastigii
552 2564 871 2639 commemoratione,
902 2559 994 2622 Pauli
1011 2558 1131 2633 filium,

81 2654 233 2737 magistrum
245 2660 392 2739 militum,
416 2671 517 2724 vocat.
535 2684 538 2690 ’
560 2661 597 2723 Id
614 2682 691 2722 vero
707 2660 749 2723 ad
767 2658 978 2721 refellendam
992 2655 1133 2719 Fabricii

81 2753 238 2831 opinionem
263 2761 442 2840 sulficeret3
473 2759 527 2842 qui
547 2759 606 2821 sibi
631 2767 829 2842 persuaserat
848 2746 1033 2841 Agathiam,
1068 2775 1132 2838 quo
1200 2804 1202 2809 .
1266 2766 1270 2772 “

81 2856 194 2934 ternpore
217 2858 373 2940 Euagrius
396 2856 564 2919 historiam
586 2857 741 2934 absolvit,
778 2856 902 2944 scillicet
927 2875 1012 2917 anno
1039 2856 1130 2935 593„

81 2951 198 3016 nondam
218 2955 371 3019 edidisse:
407 2955 529 3033 stilla,
556 2955 734 3018 accuratius
755 2952 908 3036 inspectis
929 2950 1034 3013 verbis
1050 2955 1147 3031 quae*

79 3042 119 3104 rit
133 3070 282 3137 nunqnam
303 3053 370 3117 siue
383 3052 477 3113 laude
498 3050 794 3113 commemorandus
812 3049 1016 3111 festinantius
1042 3049 1131 3133 legit,

78 3143 130 3223 iptt
142 3171 190 3232 per
207 3174 239 3215 se
260 3152 470 3229 concidit22).
501 3152 612 3232 ltaque
629 3149 795 3232 Agathiam
806 3147 938 3230 Tibjerio
955 3149 1060 3212 adhuc
1080 3171 1132 3212 re·

76 3258 181 3330 guanto,
192 3259 265 3313 aute
275 3251 491 3328 annum58a,
505 3271 570 3333 quo
591 3270 677 3310 anno
687 3249 860 3311 Mauricius
872 3250 1041 3334 imperium
1055 3250 1131 3311 ade·

16 3410 19 3428 -.
76 3347 132 3421 pius
147 3359 204 3429 est,
232 3370 250 3411 e
267 3351 333 3413 vita
350 3351 519 3413 decessisse
535 3348 680 3414 arbitror.
721 3348 802 3410 Nam
816 3348 907 3412 obitu
929 3349 1131 3432 cinefactum

106 3545 138 3616 tt)
149 3547 266 3603 Pronum
278 3563 304 3614 p.
317 3548 342 3600 6.
400 3575 402 3583 v
424 3547 466 3618 ¹7)
476 3547 502 3599 S.
513 3547 626 3614 Palatii3
646 3547 679 3599 de
696 3565 751 3617 quo
766 3547 856 3599 officio
873 3545 984 3598 consnle
993 3546 1012 3594 1.
1025 3542 1131 3595 Gotho-

127 3616 227 3671 iredum
244 3616 278 3670 ad
297 3614 455 3669 C.=Th.VI.
473 3621 558 3675 ator.
577 3619 611 3670 II.
629 3636 656 3687 p.
678 3618 735 3671 126.
809 3617 850 3688 18)
861 3617 929 3669 Hist
940 3615 972 3667 V.
990 3632 1014 3682 9.
1033 3631 1058 3681 p.
1070 3631 1133 3682 297.

131 3689 168 3759 ¹9)
194 3690 312 3741 Proocm·
341 3703 367 3755 p·
395 3702 417 3753 7·
444 3689 468 3742 8.
540 3687 584 3772 po)
610 3686 680 3739 Ibid.
700 3701 730 3770 p
753 3704 790 3770 ¹¹.'
836 3760 840 3761 ⁷
871 3688 918 3754 ur)
938 3684 1130 3770 ffi⁸t·.¹V·,²9·

126 3774 149 3825 p.
160 3776 218 3827 ²7²·
299 3754 344 3826 na)
357 3755 457 3806 bocum
468 3773 548 3824 posur
562 3767 635 3810 mter
644 3763 806 3810 testimonia.
843 3755 938 3817 Verba
949 3756 975 3805 et
987 3754 1034 3804 καὶ
1046 3767 1132 3822 μηπω

87 3867 89 3871 .
125 3827 223 3896 ἔτυχον
246 3823 432 3882 ἐκδεδωκότες
451 3826 485 3877 ad
504 3828 647 3896 scriptores
674 3843 741 3895 quos
760 3825 944 3877 nominaverat
960 3825 1055 3877 referri
1076 3840 1132 3874 uon

128 3906 255 3984 ⁹⁰⁸⁵¹¹³¹t‘
274 3911 344 3966 ‘¹⁰³⁶
358 3896 495 4017 titt}
511 3894 956 4018 titt?tst‘t‘tttttt’
982 3894 1149 4014 iiiiii

127 3977 331 4157 ibdei‘pigpliida
343 3983 417 4156 pubi]
426 4035 552 4089 Mauricii
570 4039 689 4090 animum
708 4002 815 4091 movere
827 4034 949 4104 potuerit
962 3982 994 4086 ab
1015 4030 1130 4101 supplici

128 4106 259 4176 regiauxi
273 4106 328 4157 'um
364 4113 496 4177 enegarat
