2738 4816
246 239 313 298 XIV
734 235 829 297 VITA

247 407 340 468 quem
360 383 554 454 Alexandria
578 375 663 466 ipsa,
685 404 848 466 nunquam
866 374 1086 450 anteamoveri
1107 383 1219 468 solita,
1242 409 1318 450 sen·

244 494 348 564 seret,
372 468 680 566 Constantinopdlim
695 504 854 566 regressus
870 495 917 548 est
931 490 971 562 ⁸).
1012 487 1121 565 Quem
1140 487 1318 554 studiorum

243 584 432 646 iuvenilium
448 604 575 645 cursum
591 582 646 664 qui
660 585 870 666 reputaverit,
894 607 957 646 non
977 585 1133 646 dubitabit
1147 586 1316 668 Agathiam

243 691 320 742 tunc
341 680 498 743 decimum
516 691 664 744 octavum
684 683 791 745 aetatis
807 703 926 744 aunum
947 705 1104 766 egressum
1126 701 1190 745 non
1207 685 1317 764 fuisse,

242 768 371 863 eiusque
394 780 532 840 natalem
548 779 580 839 in
604 801 723 840 annum
744 781 830 858 536,
858 782 911 843 vel
934 793 1140 864 sequentem,
1164 783 1317 850 incidere.

240 881 349 958 Quum
366 900 441 940 vero
456 878 587 960 Berytus
605 879 660 940 illa
673 880 762 941 clade
778 880 917 964 collapsa
935 890 1026 967 esset,
1040 882 1251 944 non'dubiam
1268 891 1316 944 est

240 998 312 1039 eum
328 978 361 1037 in
375 977 452 1038 urbe
463 978 550 1060 regia
562 986 776 1041 antecessores
793 979 963 1043 auditis'se'
1000 981 1088 1060 Quae
1101 981 1204 1042 studia
1215 1002 1316 1062 quum

240 1075 383 1157 quinque
397 1096 508 1137 ,annos
524 1076 721 1159 implerent,
756 1077 859 1160 quarti
881 1079 915 1155 in
935 1079 1073 1160 quodam
1091 1079 1316 1162 epigrammate

238 1174 384 1237 meminit
401 1175 450 1253 9):
480 1184 512 1237 et
527 1173 602 1236 alibi
629 1176 716 1258 leges
738 1176 895 1239 Romanas
918 1186 1018 1239 artem
1043 1199 1132 1240 suam
1156 1199 1221 1240 esse
1247 1177 1315 1260 ipse

170 1263 178 1276 ³
238 1276 404 1356 profitetur
425 1276 486 1354 1⁰);
531 1296 662 1356 quarum
692 1276 908 1358 cognitionem
943 1297 1016 1338 cum
1045 1277 1175 1339 dicendi
1209 1277 1315 1338 facul-

237 1380 301 1435 tate
326 1373 369 1433 ita
382 1374 561 1439 ,coniunxit
584 1383 618 1433 ut
639 1396 746 1436 causas
766 1366 839 1438 ante
859 1374 1033 1437 tribunalia
1062 1386 1181 1439 oraret:
1214 1375 1315 1457 idque

234 1471 536 1554 Constantinopoli,
559 1471 613 1533 ubi
628 1473 661 1532 in
678 1471 808 1535 basilice
824 1474 995 1538 clientibus
1007 1496 1133 1558 operam
1151 1474 1244 1534 dabat
1259 1476 1313 1552 ¹¹).

179 1597 183 1601 >
233 1569 397 1632 Causidici
421 1580 497 1631 tunc
519 1570 700 1632 scholastici
725 1565 922 1634 vocabantur
938 1575 1006 1652 1⁹),
1055 1573 1141 1634 unde
1160 1571 1315 1655 Agetbiae

133 1673 136 1681 ’
219 1680 413 1754 'cognomen
441 1669 552 1734 haesit.
602 1671 722 1731 Tenuit
746 1681 851 1734 autem
877 1673 961 1736 istud
990 1673 1075 1735 ritae
1103 1694 1203 1755 genus
1231 1672 1315 1733 insi·

233 1779 299 1848 tus,
335 1791 372 1830 ac
389 1768 573 1857 necessitate
596 1779 741 1847 coactus,
771 1782 805 1830 ut
826 1770 947 1832 victum
967 1770 1038 1833 sibi
1065 1778 1234 1852 quaereret
1249 1769 1277 1814 ¹³
1290 1774 1316 1848 )r

232 1890 304 1929 nam
326 1867 366 1928 ad
395 1866 576 1929 amoeniora
603 1868 705 1933 studia
727 1867 896 1930 sevocabat
918 1868 1154 1930 adolescentem
1178 1867 1315 1930 honesta

231 1967 390 2032 uoluntas.
440 1967 618 2027 Exaruerat
643 1965 787 2027 noudum
818 1966 937 2048 poesis,
978 1964 1315 2047 vivebantqueadhuc

229 2064 264 2125 in
286 2085 339 2125 ore
358 2063 524 2125 hominurn
545 2048 672 2125 fabulae
696 2063 890 2144 vetustatisa
906 2064 985 2147 quin
1006 2063 1163 2126 florebant
1183 2063 1216 2123 in
1239 2065 1329 2142 aula¹

228 2163 300 2246 'ipsa
326 2172 420 2245 atque
449 2143 535 2223 iuster
554 2153 702 2244 proceres
728 2162 783 2244 qui
811 2162 954 2225 versibus
976 2162 1152 2245 pangendis
1176 2163 1312 2246 gloriam

227 2261 291 2324 sibi
312 2269 523 2344 quaererent:
554 2281 746 2342 quamquam
777 2281 842 2321 uon
864 2260 1050 2322 imminebat
1072 2261 1176 2322 solum
1198 2282 1311 2323 verum

230 2361 358 2421 iamiam
377 2358 619 2441 ingravescebat,
633 2357 803 2437 barbaries,
817 2381 897 2442 quae
915 2381 1000 2439 mox,
1023 2359 1165 2422 extincto
1180 2360 1310 2441 penitus

207 2462 208 2465 ’
229 2459 430 2542 antiquitatis
449 2455 585 2530 lumine,
608 2455 802 2519 densissimis
821 2457 979 2538 tenebris,
1000 2470 1188 2540 morumque
1204 2459 1310 2519 imma-

229 2560 338 2636 nitate,
352 2561 489 2618 Graecas
503 2553 651 2636 regiones
660 2555 809 2634 foedavit,
825 2566 1053 2640 stuporemque
1064 2577 1123 2640 pro
1138 2555 1310 2638 prudentia

227 2656 368 2719 induxit.
407 2655 457 2717 Ad
468 2653 564 2714 besee
576 2651 865 2736 deliciasAgatbias
880 2649 1014 2735 delatus,
1038 2655 1174 2739 primum
1189 2664 1310 2716 amato··

227 2754 276 2816 ria
290 2753 431 2817 earmina
447 2750 556 2813 brevis
570 2751 714 2834 scripsit,
737 2775 818 2836 quae
836 2754 868 2814 in
889 2775 1005 2816 novem
1019 2754 1137 2832 libros,
1164 2752 1307 2837 Daphni·

227 2876 283 2917 aea
302 2853 486 2935 inscriptos,
510 2849 641 2930 collegit
653 2842 714 2930 1'⁴):
737 2852 893 2934 pluraque
908 2861 1074 2934 praeterea
1095 2853 1238 2915 eiusdem
1250 2874 1306 2937 ge-

228 2953 314 3017 neris
333 2952 411 3012 alia:
434 2970 606 3033 equorum
620 2969 752 3012 numero
771 2950 871 3013 multa
886 2959 1058 3034 supersunt
1073 2951 1305 3036 epigrammate,

227 3073 292 3114 nou
305 3052 483 3114 invenusta.
501 3050 625 3127 Postea,
634 3049 691 3111 sed
702 3059 855 3132 regnante
864 3051 970 3113 adhuc
979 3051 1156 3114 Iustiniano
1165 3052 1192 3094 15
1201 3057 1223 3125 ),
1236 3034 1306 3110 colss

165 3136 167 3139 ¹
226 3151 315 3234 legit,
338 3158 433 3230 atque
443 3148 476 3207 in
494 3155 613 3229 septem
625 3146 723 3210 libros
735 3149 875 3232 digessit,
892 3151 1126 3232 epigrammata,
1148 3145 1307 3229 siquidem

224 3248 296 3313 'eius
310 3247 404 3310 verba
422 3245 461 3306 ad
473 3243 610 3304 litteram
626 3245 863 3330 interpretanda
882 3255 957 3307 sunt
976 3245 1205 3323 recentiorum,
1224 3266 1306 3306 non-

79 3410 80 3413 *
185 3493 190 3499 Ι
259 3433 287 3504 8)
306 3432 375 3485 Hist.
400 3433 436 3483 II.
465 3433 503 3483 16.
526 3447 551 3500 p.
577 3448 619 3500 99.
688 3429 716 3500 9)
734 3429 822 3499 Epigr.
841 3429 866 3496 4.
911 3428 962 3480 Illo
981 3445 1053 3481 auno
1070 3427 1151 3479 turea
1173 3427 1305 3481 dicebau-

295 3509 353 3564 tnr,
371 3500 443 3553 uude
459 3496 492 3552 sai
509 3498 617 3570 linqua
635 3500 692 3554 sair
704 3497 801 3567 νόμων
818 3528 849 3537 -
865 3498 944 3549 inser.
962 3499 1043 3566 epigr.
1060 3500 1102 3552 23.
1119 3526 1155 3536 —-
1175 3500 1305 3568 explicari

296 3589 375 3641 posse
392 3572 527 3626 videntur.
562 3570 690 3639 Agatbias
710 3577 783 3620 trans
801 3574 910 3636 portum
923 3570 952 3619 in
974 3568 1082 3637 regione
1099 3568 1197 3620 Peraea
1215 3586 1305 3622 mora-

247 3652 252 3661 *
294 3643 388 3705 batur,
412 3651 443 3694 ut
459 3650 656 3711 postremorum
676 3637 769 3691 decem
786 3637 917 3688 librorum
936 3638 1113 3706 singularium
1133 3639 1304 3693 difficultati-

294 3714 345 3765 bus
363 3713 499 3764 solvendis
518 3726 628 3779 operam
649 3707 740 3767 daret,
769 3707 863 3775 procul
890 3706 924 3759 ab
947 3707 1022 3758 urbis
1041 3708 1154 3777 strepitu
1175 3718 1301 3763 remotus„

299 3786 339 3855 ro)
358 3784 479 3836 Prooem.
499 3782 516 3832 I.
542 3797 564 3833 c.
654 3777 781 3846 11)Hist.
805 3778 852 3828 III.
878 3795 898 3828 1.
920 3795 947 3846 p.
978 3781 1034 3831 138.
1071 3778 1153 3848 Quod
1176 3780 1302 3846 Smyrnae

294 3871 386 3906 causas
409 3869 497 3904 orasse
519 3851 705 3906 coniecerunt,
739 3855 883 3918 propterea
911 3847 986 3917 quod
1006 3850 1173 3921 Σμυρναῖον
1199 3851 1302 3917 oxole*

294 3915 392 3976 στικὸν
408 3925 437 3975 in
452 3922 530 3973 libris
545 3917 677 3985 corruptis
691 3915 782 3971 vocari
796 3914 942 3982 vidissent,
962 3917 991 3970 id
1009 3935 1071 3972 vero
1092 3923 1177 3990 usque
1194 3918 1229 3970 ad
1242 3928 1301 3971 sto·
1328 3979 1330 3984 ¹

292 3995 425 4047 liditatem
452 3999 573 4059 argutum
596 3994 637 4038 est
660 3993 845 4038 commentum
928 3987 978 4109 ml,
997 3990 1047 4041 Iac.
1071 3989 1193 4044 Gothosr.
1217 3987 1250 4039 ad
1269 3989 1300 4042 C.

292 4063 397 4116 Theod.
414 4063 485 4113 VIII.
507 4078 547 4115 ro.
566 4076 592 4115 2.
609 4099 611 4103 ν
628 4056 704 4107 T0111·
724 4055 755 4105 11.
776 4073 801 4124 p.
819 4058 879 4126 627.
890 4057 940 4119 ed.
981 4061 1048 4128 ips.'
1118 4059 1160 4130 rs)
1172 4058 1240 4111 Hist.
1253 4059 1299 4112 111,

291 4134 311 4186 I.
325 4152 345 4186 c.
418 4130 461 4199 14)
477 4130 567 4198 Epigr.
585 4145 607 4196 7.
683 4124 725 4194 15)
743 4124 823 4179 Idex
840 4129 1012 4195 praefatione
1025 4136 1144 4200 apparet
