2738 4816
252 197 302 281 16
650 212 867 289 leonine
1244 206 1258 233 ²

102 391 134 449 l.
151 396 181 450 c.
194 375 370 470 55τέκτίστῳ
389 380 533 466 θομῆρὲς
548 366 637 462 aeris
652 363 917 461 nutrimentum,
938 377 1097 464 ἕχολρουντ
1118 373 1206 442 ottt
1228 375 1335 460 ίκτός,

99 490 100 493 ’
146 467 167 519 ¹·
186 469 423 564 Μόδιαβὰντες,
435 476 521 565 ἀμφὶ
532 476 681 543 Βενετίαν
696 475 801 543 καὶτὰ
821 479 895 567 τῇδε
910 474 1050 563 φρούρια
1065 478 1120 540 καί
1136 479 1337 558 πολίσματα,

220 570 326 668 ρῇπερ
348 581 404 643 καί
424 579 458 642 ἒν
479 578 523 665 τῷ
535 574 596 663 πρὸ
615 580 682 658 τοῦ,
703 576 933 642 ἔσκεδοὶννυντο·
954 573 1061 661 ἐπειδὴ
1083 567 1141 639 οὖν
1168 576 1202 640 ἕν
1223 577 1337 640 τοῖσδε

247 673 417 760 ἐτύγχανον
429 667 524 756 ὄντες,
538 677 695 761 προσῆκον
706 673 822 752 αὐτοὺς
836 672 875 741 τοὶ
891 677 951 756 μὲν
968 673 1134 756 αλμοσμένα
1146 680 1212 749 τοῖς
1225 671 1335 760 ἔργοις

247 770 356 850 αὐτοῖς
374 775 554 857 ἒμπεὸὥσαι
564 824 574 855 ,
593 771 629 839 roi
656 776 691 838 δὲ
711 777 851 861 σφέτερα
866 776 901 838 ἐν
918 772 964 861 ’τῷ
982 767 1126 860 ἀσφαλεῖ
1138 773 1342 858 κατίχονταςὲ

246 871 398 940 κινδύνων
413 868 617 956 ἀπηλλάχθαι
630 875 777 959 χρονίαν,
789 875 843 940 καί
857 871 946 955 μόλις
961 873 1113 956 γοῦντοὸν
1126 872 1239 937 δεινῶν
1251 864 1338 936 ἄνα-

245 975 388 1038 πνεῦσαι·
408 969 438 1036 οἱ
457 972 502 1053 δὲ,
522 969 688 1056 ἐλάχιστον
702 971 881 1055 ἐπισχόντες
889 1022 900 1053 ,
915 973 1077 1058 νεωτέρων
1092 961 1187 1045 αὖθις
1203 968 1335 1056 ἐφίεντο

245 1067 453 1158 πραγμάτων,
484 1072 538 1135 κατ’
558 1071 590 1146 ἐς
609 1069 712 1155 ἆρχὴν
733 1065 843 1156 ἑτέρου
872 1067 1008 1152 πολέμου
1035 1067 1238 1138 καθισταντο.
1262 1067 1342 1140 ἐπεί

245 1193 280 1234 τε
300 1168 394 1233 αίτοί
408 1166 488 1232 κοντοὶ
507 1171 592 1256 σφοῖς
613 1171 714 1236 οὐκέτι
741 1167 820 1257 πρὸς
837 1166 1019 1250 Ῥωμαίους
1041 1167 1209 1249 ἄξιόμαχοο
1232 1156 1338 1255 aiom

246 1263 338 1348 εἶναι,
357 1260 472 1330 αὗτίκα
490 1265 576 1353 παροὶ
592 1266 667 1346 τούς
692 1265 859 1355 Φράγγους
875 1264 1053 1352 ἐτράποντο,
1073 1260 1202 1347 ἄμεινον
1218 1266 1338 1351 σφίσιν

247 1367 355 1442 αὐτοῖς
366 1362 402 1430 uui
421 1365 562 1452 παρόντα
582 1365 714 1433 ἔσεσθαι
731 1367 895 1454 κρίνοντες,
916 1369 970 1433 καί
979 1364 1036 1452 τὴν
1057 1358 1212 1451 ὠφέλειαν
1229 1367 1273 1440 ,ἐς
1293 1359 1336 1445 ὅ,

247 1488 278 1530 τι
291 1464 426 1546 μάλιστα
450 1466 693 1551 διαρκεστάτου,
713 1464 776 1550 εἴγε
791 1466 824 1546 ἐξ
844 1462 969 1552 ὁμόρων
981 1487 1014 1532 τε
1030 1466 1086 1534 καί
1102 1464 1338 1550 ἀστυγειτόνων

245 1561 428 1647 ξυμμαχίαν
442 1563 626 1646 ἐπαγόμενοι
646 1559 713 1630 εἶτα
729 1567 846 1630 θᾶττον
863 1566 1122 1649 οἷναμαχέσοοντο,
1317 1623 1321 1629 ,

224 1672 249 1725 D
306 1657 345 1743 (i.
358 1657 539 1745 Πρόσοικοί
553 1686 588 1726 τε
599 1664 659 1748 γοὶρ
672 1665 779 1750 εἶσιτῇ
797 1663 911 1754 Ἰταλίρ
925 1667 982 1729 καί
995 1664 1217 1749 α’γχιτίρμονες
1229 1660 1268 1726 τὸ
1279 1665 1339 1747 γί-

247 1783 300 1835 νος
316 1759 378 1824 τῶν
387 1759 549 1844 Φράγγων.
567 1756 629 1826 εἶεν
645 1764 681 1824 δ’
696 1755 736 1828 ἂν
753 1752 837 1827 οὗτοι
854 1761 885 1827 οἱ
903 1762 1002 1827 πάλαι
1017 1757 1240 1845 ὀνομαζόμενοι
1248 1764 1281 1826 Γ
1278 1786 1337 1847 ερ-

247 1860 352 1940 μανοί.
363 1859 456 1942 δῆλον
474 1860 520 1923 δέ·
534 1853 621 1946 ἀμφί
631 1859 747 1944 Ῥῆνον
758 1857 816 1948 γοὶρ
827 1859 967 1944 ποταμὸν
981 1863 1099 1936 οἰκοῦσι
1115 1862 1169 1925 καί
1177 1857 1235 1946 τῆν
1250 1860 1341 1926 ταί-

178 2018 180 2021 .
246 1983 285 2044 τῃ
295 1948 432 2041 ἤπειρον,
443 1953 552 2039 ἔχουσι
560 1960 596 2022 δὲ
608 1957 664 2024 καί
678 1961 709 2023 Γ
706 1962 824 2034 αλλιοῖν
838 1957 879 2025 τὰ
893 1966 1031 2041 πλεῖστα,
1040 1953 1078 2023 οὖ
1088 1959 1241 2046 πρότερον
1251 1960 1341 2046 πρὸς

153 2087 156 2092 ·
247 2056 352 2120 αὐτῶν
360 2054 561 2140 κατεχόμενα,
577 2057 647 2122 ἄλλ’
660 2053 788 2145 ὕστερον
801 2059 1015 2144 ἐπινοηθέντα,
1026 2061 1081 2123 καί
1088 2055 1146 2143 τὴν
1155 2056 1340 2126 Μασσαλί-

246 2177 287 2219 αν
302 2152 401 2235 πόλιν,
416 2152 491 2235 τοὺς
499 2154 613 2222 Ἰώνων
636 2149 795 2235 οἷποίοωυς.
810 2159 928 2242 ταύτην
943 2155 1003 2244 γὰρ
1018 2155 1056 2242 δὴ
1067 2157 1165 2222 πάλαι
1186 2159 1341 2232 Φωκαεῖς

246 2246 392 2329 &uetur
404 2250 464 2317 sino
472 2254 597 2339 Μήδων
607 2254 796 2332 ἀναστάντες
807 2254 1129 2344 κατῴκισανΛυρείου
1137 2256 1194 2318 τοῦ
1210 2251 1342 2321 ‘sort-1

246 2354 471 2437 σπεωΠερσοῖν
479 2354 705 2435 βασιλεύοντος,
714 2350 1133 2439 καίνῧνὲξἝλληνίδοςέστί
1139 2352 1341 2437 βαρβαρική·

314 2455 339 2523 4.
361 2452 509 2525 ὅμοσμένα
531 2457 560 2507 li.
632 2457 656 2510 5.
676 2458 841 2525 κατέχοντες
865 2459 895 2510 ll.
950 2459 988 2511 ιδ.
1005 2454 1033 2513 ἐς
1054 2453 1114 2507 εἶτα
1134 2457 1164 2507 lt.
1220 2451 1341 2526 rivopu-

314 2524 447 2614 γίσοιντο
471 2528 522 2589 Β.,
547 2525 755 2598 ἀναμαχίοιντο
782 2529 854 2616 vulp.
917 2526 957 2595 τί.
973 2540 1003 2578 τε
1022 2525 1085 2578 add.
1110 2525 1142 2576 fr.
1164 2531 1192 2575 et
1213 2525 1243 2575 R.
1299 2523 1335 2596 τῇ

325 2595 420 2664 Ιταλίογ
437 2597 478 2659 R„
495 2595 543 2660 τῆς
558 2596 680 2655 Ἰταλίας
694 2598 775 2667 vulg„
792 2613 892 2663 ταοτνγς
912 2599 942 2648 ll.
1033 2612 1072 2666 ¹7·
1094 2592 1125 2647 δὲ
1144 2595 1185 2658 R„
1203 2606 1240 2662 γε
1258 2597 1339 2666 vulg,

280 2675 281 2679 ’
317 2682 359 2719 no.
378 2664 542 2735 κατῴκησαν
559 2668 588 2719 ll.
825 2700 828 2710 ·
864 2692 866 2696 ·
1223 2706 1225 2708 .
1307 2710 1309 2714 ,

246 2749 336 2803 hilum
351 2760 409 2804 erat
423 2761 627 2821 concesserunt;
653 2754 709 2806 alii·
720 2770 783 2807 vero
804 2763 877 2807 trans
894 2753 993 2806 Padum
1011 2755 1080 2805 circa
1094 2751 1225 2804 venetias
1244 2752 1336 2821 sparsi

202 2860 203 2871 ,
246 2824 278 2876 in
295 2824 413 2888 castellis
428 2831 456 2877 ot
471 2823 624 2894 oppidulis,
641 2823 907 2896 quihusussuerant,
925 2823 1113 2876 consederunt.
1150 2821 1220 2872 Cum
1234 2823 1335 2893 itaque

246 2887 301 2944 hoc
323 2894 352 2944 in
380 2901 452 2945 statu
474 2901 564 2947 essent
588 2912 631 2952 res
652 2893 815 2958 Gothorum,
844 2893 959 2946 decebat
982 2896 1056 2963 ipsos
1078 2898 1156 2962 pacta
1180 2893 1273 2944 iurata
1293 2909 1334 2944 *nc

247 2963 308 3031 ipsa
330 2965 463 3035 factisque
484 2965 642 3018 confirmare
660 2972 688 3018 et
706 2966 843 3028 stabilire,
870 2972 898 3016 et
918 2981 960 3016 rcs
976 2981 1036 3016 suas
1052 2966 1083 3016 in
1103 2969 1164 3015 tuto
1179 2963 1334 3026 contineu-

247 3039 299 3096 tes,
318 3050 375 3085 sese
388 3053 404 3085 a
419 3034 555 3088 diuturnis
571 3036 701 3106 periculis
716 3035 872 3097 vindicare,
897 3041 980 3106 atquc
998 3031 1147 3105 aliquando
1165 3030 1278 3084 tandem
1295 3032 1333 3084 ab

248 3105 385 3155 aerumnis
405 3106 546 3173 respirare.
583 3106 619 3158 Aa
637 3114 701 3158 vero
721 3122 782 3158 cnm
799 3123 847 3176 per
864 3104 1051 3158 brevissimum
1063 3111 1169 3172 tempus
1184 3118 1245 3153 sese
1263 3120 1334 3154 con·

248 3173 410 3236 tinuisseut,
434 3192 523 3228 rursus
547 3193 588 3228 res
608 3193 689 3228 novas
707 3178 813 3240 moliti,
846 3176 961 3227 alterius
985 3174 1053 3226 belli
1071 3174 1175 3226 semina
1196 3173 1334 3225 iecerunt.

250 3241 373 3312 Cumque
390 3244 445 3312 ipsi
465 3261 514 3313 per
532 3263 560 3296 se
582 3247 697 3315 impares
713 3263 771 3298 sese
786 3246 954 3308 iudicarent,
982 3245 1029 3316 qui
1041 3243 1175 3312 deinceps
1195 3259 1261 3294 cum
1278 3245 1336 3301 lio-

249 3312 334 3364 manis
348 3314 559 3380 praeliarentur,
587 3318 677 3368 statim
697 3316 732 3367 ad
755 3317 872 3368 Francos
890 3331 919 3366 sc
939 3321 1146 3375 converterunt,
1172 3311 1334 3365 inclinares

248 3398 309 3433 suas
329 3381 468 3436 habituras
494 3386 564 3448 ruti,
591 3388 793 3456 utilitatemque
814 3403 846 3444 se,
865 3385 929 3436 iude
951 3385 1030 3454 longe
1044 3383 1210 3436 uberrimum
1230 3399 1330 3451 perce-

247 3460 358 3534 pturos,
385 3456 407 3505 si
432 3472 491 3506 curu
509 3455 631 3509 finitimis
648 3465 676 3510 et
691 3456 851 3527 propinquis
868 3457 998 3508 societate
1013 3455 1084 3523 inita
1100 3453 1204 3506 bellum
1219 3453 1332 3506 facilius

247 3530 435 3576 instaurarent.
776 3555 779 3557 Δ

321 3611 344 3646 a.
366 3595 435 3647 Sunt
453 3598 525 3648 enim
537 3597 635 3649 Franci
648 3597 723 3649 Italis
739 3596 846 3648 accolae
863 3602 891 3646 et
903 3596 1074 3657 contermini,
1092 3595 1158 3647 ollm
1170 3592 1240 3646 dicti
1258 3592 1330 3646 Ger-

248 3664 338 3730 ποσοῖς
377 3665 451 3735 quod
478 3667 590 3737 quidem
612 3669 676 3720 satis
705 3674 818 3718 constat.
865 3664 934 3715 Nam
963 3667 1034 3717 circa
1064 3665 1187 3717 Rhenum
1214 3665 1330 3718 fluvium

247 3733 391 3797 habitant,
423 3745 450 3788 et
475 3738 660 3790 continentem
685 3738 710 3787 ei
735 3735 920 3797 adiacentem,
955 3736 1152 3806 maximamque
1175 3735 1332 3787 Galliarum

251 3811 356 3874 partem
381 3817 526 3875 occupant,
554 3825 610 3858 non
635 3806 746 3878 quidem
772 3809 825 3858 iarn
848 3807 914 3858 olim
938 3804 973 3856 ab
997 3806 1063 3874 ipsis
1090 3823 1255 3875 possessum,
1281 3804 1332 3857 secl

249 3877 385 3994 posterius
405 3879 573 3947 acquisitum.
609 3878 758 3929 Massiliam
779 3893 889 3946 quoque
910 3874 1006 3926 urbem
1024 3883 1136 3939 tenent,
1160 3877 1258 3928 Ionum
1283 3893 1331 3927 co-

263 3946 359 3995 oniam.
397 3947 471 3999 Hanc
489 3949 561 3998 enim
579 3947 645 3998 olim
663 3945 813 3999 Phocenses
830 3963 863 3999 ex
885 3947 949 3998 Asia
968 3963 984 3996 a
999 3945 1088 3998 Media
1108 3947 1182 4016 pulsi
1203 3945 1332 3998 incolue-

250 4021 322 4076 runt,
340 4016 423 4068 Dario
440 4018 580 4084 Hystaspis
604 4019 661 4069 filio
687 4017 759 4086 apud
776 4019 868 4068 Persas
885 4023 1031 4086 regnunte3
1057 4024 1086 4069 et
1104 4034 1177 4068 nunc
1194 4034 1229 4067 ex
1243 4016 1332 4067 Grac-

230 4085 343 4153 ·canlca
375 4094 416 4153 est
448 4084 601 4143 hurburicn.¹
641 4088 727 4138 Patria
759 4089 832 4138 enirn
863 4089 903 4140 rei
932 4086 1059 4154 publicae
1091 4085 1331 4138 administratione

251 4153 371 4221 obiecta,
404 4157 598 4229 imperantium
626 4157 732 4228 legibus
750 4160 851 4212 utitur.
896 4157 1015 4212 Videtur
1035 4174 1099 4217 uero
1127 4159 1212 4211 etiam
1238 4155 1339 4217 totu,
