2730 4816
221 282 273 366 7⁰
447 210 451 216 -
656 269 865 339 AGATHIAE
931 305 933 309 <

73 451 104 505 A,
117 451 146 504 c.
158 447 208 506 553
220 434 420 522 άβροδιαιτον
435 426 667 515 μετεβίβληντο,
682 423 737 511 τὴν
751 426 805 510 τῆς
819 426 938 508 διαίτης
945 419 1150 508 παραλλαγὴν
1158 416 1303 508 ᾐτιῶντο,

106 524 128 576 ¹·
140 524 160 576 1·
176 539 208 592 ²7
221 532 277 620 τὴν
296 535 331 598 δέ
346 555 380 616 ys
407 529 452 609 aig
467 524 595 615 άληθῶς
609 520 710 612 άρχὴν
731 549 764 590 τε
782 521 839 588 καί
855 518 991 606 ἀνάγκην
1009 522 1066 605 τῆς
1081 522 1250 606 συμφοράς
1267 516 1304 585 οὗ

190 631 309 715 ῦμάλα
334 633 516 696 διενοοῦντο.
543 618 582 712 ἦν
598 627 633 690 δὲ
653 615 717 709 άρα
736 619 826 704 οἶμαι
841 621 861 708 ἦ
879 616 997 704 οἷδικία,
1016 617 1071 684 καί
1083 616 1118 685 τὸ,
1141 620 1307 706 περιόβρί-

218 737 297 800 σθαι
312 727 388 817 πρὸς
407 722 511 794 αὐτῶν
538 724 577 790 τά
595 747 628 789 τε
655 728 729 788 θεῖα
752 716 892 809 άφειδοῖς
910 718 965 784 καί
981 717 1164 806 άνθράπεια
1177 715 1314 800 νόμιμα’

219 829 312 908 αὐτὸς
332 826 371 914 δὴ
389 821 476 894 οόνό
498 820 664 910 στρατηγός
683 820 739 886 καί
751 821 838 903 μάλα
853 819 981 906 ἔνδηλος
996 811 1051 905 ἦν,
1081 813 1128 884 ότι
1145 815 1184 904 δὴ
1208 814 1324 884 aritini

217 930 367 1014 θεήλατοι
380 928 536 1010 μετῆλθον
544 919 660 988 ποιναί.
675 920 839 1008 παραπλήξ
853 945 885 985 τε
898 918 957 1004 γάρ
970 915 1114 1003 ἐγεγόνει,
1132 915 1188 982 καί
1195 916 1307 982 ἐλόττα

217 1029 418 1115 περιφανῶς,
447 1023 590 1109 καθάπερ
619 1019 648 1086 οἱ
676 1019 824 1109 ἔκφρονες
847 1023 903 1085 καί
924 1020 1108 1104 μεμηνότες,
1136 1015 1243 1094 κλόνος
1271 1041 1306 1081 τε

219 1122 314 1191 αὐτὸν
332 1128 437 1206 ἐπεῖχε
450 1121 580 1208 μυρίος,
602 1118 657 1189 καί
679 1117 818 1203 οἰμωγάς
836 1119 923 1205 άφίει
940 1116 1079 1204 βαρείας·
1101 1116 1155 1181 καί
1171 1118 1229 1182 νόν
1246 1117 1307 1198 μὲν

219 1221 354 1311 πρηνὴς,
376 1224 432 1289 νόν
446 1225 481 1287 δὲ
495 1221 549 1285 καί
565 1220 619 1287 ἐπί
639 1219 764 1306 θάτερα
779 1222 813 1284 ἐν
828 1221 872 1308 τῷ
881 1216 995 1305 ἐδάφει
1007 1221 1198 1283 κατέπιπτεν·
1212 1215 1308 1304 άφρηῖ

198 1388 200 1391 ,
219 1345 255 1387 τε
271 1324 372 1411 πολλῷ
389 1318 424 1387 τό
445 1319 548 1402 στόμα
558 1318 762 1406 περιερρεῖτο·
782 1315 837 1399 καί
855 1314 898 1382 τά
918 1311 1074 1404 ὀφθαλμώ
1089 1322 1091 1325 ’
1101 1313 1246 1402 βλοσυραί
1275 1335 1346 1397 ysro

219 1412 318 1507 ἤστην
333 1419 387 1486 καί
399 1422 700 1506 παρατετραμμένω.
720 1421 752 1494 ἐς
772 1421 864 1483 τοῦτο
881 1418 917 1482 δὲ
937 1408 1028 1504 όραό
1049 1414 1184 1494 δείλαιος
1195 1410 1309 1502 ἀφῖκτο

220 1524 354 1604 μανίας,
382 1514 464 1586 άίστε
488 1520 599 1601 α’μέλει
622 1518 677 1582 καί
697 1520 760 1583 τῶν
781 1516 902 1582 οἰκείων
926 1519 1030 1598 μελάν
1059 1515 1308 1599 ἀπογεύσασθαι

186 1618 372 1703 Βὲχόμενος
396 1617 456 1706 γάρ
479 1616 555 1697 ὀδάξ
581 1619 643 1684 τῶν
665 1616 842 1706 βραχιόνων
865 1620 921 1680 καί
936 1616 1081 1681 διασπῶν
1099 1612 1157 1689 τάς
1181 1609 1312 1699 σάρκας,

219 1717 450 1803 κατεβιλλρωσκὲ
465 1742 500 1801 γε
517 1716 615 1793 αὐτάς
624 1711 727 1803 ὥσπερ
743 1715 858 1801 θηρίον
875 1715 1125 1797 διαλιχμάμενος
1131 1712 1184 1778 τὸν
1193 1713 1310 1798 ἰχῶρα.

220 1810 303 1879 oriam
326 1818 361 1880 δὲ
378 1810 494 1879 ἑαυτοῦ
507 1814 747 1897 ἐμπιπλάμενος,
765 1811 822 1878 καί
836 1811 1045 1900 κατασμικρόν
1063 1812 1343 1898 όποφθινόθιον,ι5

220 1912 402 2001 οἰκτρότατα
425 1913 554 1999 άπεβάο.
582 1909 734 1998 ἔθνησκον
758 1914 795 1977 δὲ
813 1911 917 1996 χάδην
940 1915 995 1976 καί
1018 1911 1048 1978 οἱ
1069 1903 1176 1992 όλλοι,
1198 1905 1311 1975 οόδεν.

222 2012 271 2078 ότι
295 2011 352 2077 καί
373 2013 512 2089 ἀνιέντος
547 2015 603 2079 τοῦ
627 2015 742 2094 κακοῦ,
775 2015 833 2091 ἕως
855 2007 987 2089 ἅπαντες
1007 2011 1235 2099 διεφθάρησαν.
1257 2011 1313 2076 καί

221 2114 344 2200 πυρετῷ
361 2114 421 2193 μὲν
444 2109 474 2176 οἱ
501 2117 641 2176 πλεῖστοι
664 2110 854 2194 πιεζόμενοι,
883 2115 1034 2200 νηφαλὲοι
1048 2134 1083 2196 γε
1099 2104 1183 2193 ὅμως
1203 2109 1313 2176 ἀπάλ-

222 2217 324 2278 tomo.
346 2213 439 2288 ἐνίοις
455 2213 491 2276 δὲ
513 2208 568 2275 καί
587 2210 762 2296 άποπληξία
778 2212 960 2298 ἒνέσκηπτεν
981 2206 1099 2298 ἰσχυρά
1121 2212 1177 2274 καί
1193 2205 1315 2296 ἑτέροις

224 2307 418 2395 καρηβαρία,
439 2310 494 2374 καί
507 2309 735 2397 παραφροσύνη
754 2305 879 2398 ἑτέροις.
898 2309 1024 2375 ποικιλα
1041 2312 1101 2392 μὲν
1122 2302 1184 2394 γάρ
1206 2309 1360 2386 utronno

224 2409 392 2497 ἐπεφέρετο
411 2410 522 2496 πάθη,
541 2404 662 2474 ἅπαντα
689 2411 724 2474 δὲ
749 2410 793 2487 εἷς
818 2402 948 2495 όλεθρον
965 2406 1155 2496 ἀπεκρίνετο.
1177 2412 1316 2475 Λευθα-

294 2549 319 2584 n.
346 2529 396 2594 τῆς
414 2529 568 2601 συμφοράς
591 2529 651 2582 add.
671 2545 705 2581 ex
722 2530 751 2580 R.
771 2535 800 2582 et
822 2531 906 2600 Intpr.
925 2529 1115 2582 necessitatem
1134 2529 1315 2584 calamitatis.

295 2603 320 2670 lp
339 2599 375 2653 τά
392 2613 422 2650 τε
439 2605 507 2652 θεῖοι
533 2596 661 2671 άφειδῶς
678 2603 728 2664 R.,
745 2596 872 2670 άφειδιός
894 2596 928 2651 τά
947 2613 976 2650 τε
994 2602 1061 2651 θεῖα
1078 2600 1148 2669 vulg.
1220 2617 1245 2668 9.
1266 2603 1317 2651 καλ

293 2679 358 2741 post
378 2673 432 2725 νῦν
443 2669 525 2723 ttius.
563 2688 597 2722 ex
613 2673 642 2722 R.
702 2689 739 2724 ro.
758 2668 885 2742 βλοσυραί
895 2672 1036 2722 Retcorr.
1055 2671 1149 2739 Lugd,
1166 2669 1315 2741 βλοσσυριό

293 2743 365 2812 vulg.
423 2741 462 2810 ιλ.
480 2739 711 2813 διαλικμωμένος
729 2742 757 2791 R.
872 2740 913 2795 15.
933 2739 1150 2809 ν’ποφθινύθων
1168 2743 1212 2804 R.,
1240 2740 1316 2793 άπα-

294 2810 472 2882 φθιννάθων
489 2813 559 2882 vulg.
609 2815 647 2865 18.
661 2809 828 2883 πιεζόμενοι
844 2813 873 2863 R.
889 2810 973 2880 Lugd.
983 2811 1055 2884 (CL),
1072 2815 1155 2881 Intpr.
1173 2811 1317 2882 degrava-

294 2895 335 2946 to,
348 2886 403 2937 Par.
413 2880 580 2955 πεσόμενοι,
595 2883 645 2939 Ed.
651 2900 691 2952 pr.
701 2880 881 2954 πιεσόμενοι.
935 2900 975 2936 κο.
990 2888 1160 2954 καρηβαρεῖν
1173 2884 1202 2933 Β.
1261 2881 1316 2934 αδ-

294 2955 368 3025 aaa.
442 2969 483 3009 οι.
501 2953 655 3026 ἐπεφέρετο
675 2956 703 3007 Β.
718 2954 803 3025 Lugd.
820 2953 891 3026 (cl),
908 2952 1064 3025 ἐπεφὲρητο
1080 2954 1142 3008 edd.

227 3057 320 3122 ducti,
345 3058 418 3110 vitae
437 3057 656 3110 immutationem
672 3059 790 3110 incansa
812 3075 869 3109 esse
884 3057 1026 3127 putabant.
1053 3056 1090 3111 At
1112 3059 1200 3125 ipsam
1221 3073 1317 3111 revera

227 3129 361 3196 originem
373 3130 606 3198 necessariamque
626 3147 733 3181 causam
752 3129 818 3180 mali
830 3130 913 3197 plane
935 3147 991 3180 non
1013 3127 1218 3197 intelligebant,
1244 3145 1316 3198 quae

225 3198 349 3266 profecto
363 3206 422 3249 crat
436 3200 581 3263 iniustitia,
600 3208 628 3251 et
642 3200 736 3252 divina
751 3200 854 3268 pariter
871 3206 955 3269 atque
971 3197 1090 3250 humana
1110 3198 1170 3247 iura
1194 3198 1229 3249 ab
1245 3200 1312 3267 ipsis

226 3267 390 3337 proculcata.
428 3270 518 3336 Ipsum
532 3270 626 3340 itaque
640 3271 736 3322 ducem
751 3271 846 3323 videre
866 3277 924 3320 crat
941 3269 1081 3320 evidenter
1099 3267 1195 3336 poeuis
1212 3267 1316 3322 divini,-

226 3345 271 3388 tus
293 3337 420 3390 immissis
445 3338 612 3392 obnoxium:
639 3341 747 3393 insania
772 3341 845 3392 enim
875 3340 1077 3409 manifestaque
1099 3337 1193 3401 rabie,
1226 3341 1317 3392 instar

228 3423 338 3472 eorum,
349 3409 397 3477 qui
413 3407 588 3479 meutecapti
611 3412 701 3463 furere
720 3412 818 3474 solent,
840 3410 1057 3479 corripiebatur,
1075 3409 1216 3479 multaque
1232 3412 1317 3463 verti·

228 3477 290 3546 giue
303 3479 474 3547 agitabatur,
494 3497 640 3551 gravesque
657 3483 772 3534 eiulatus
796 3479 917 3544 edebat,
940 3479 1021 3532 modo
1041 3494 1161 3548 pronus,
1180 3480 1263 3534 modo
1285 3482 1316 3532 iu

229 3548 390 3600 alterutrum
411 3551 481 3602 latus
505 3553 535 3604 in
563 3554 651 3604 solnm
674 3551 836 3620 procidens,
867 3552 1035 3621 multamque
1065 3568 1097 3602 ex
1119 3567 1166 3601 ore
1192 3568 1317 3619 spumam

228 3619 316 3686 ciens,
335 3620 408 3672 oculi
422 3622 507 3673 etiam
518 3623 570 3690 ipsi
583 3628 659 3673 erant
677 3622 762 3684 torvi,
780 3619 1001 3691 horrendumque
1024 3621 1055 3672 in
1070 3620 1182 3672 modum
1198 3622 1316 3689 inversi,

226 3705 258 3740 eo
277 3690 395 3760 denique
409 3693 531 3744 insaniae
546 3700 658 3746 venerat
674 3695 774 3755 miser,
793 3701 824 3743 ut
837 3709 872 3744 ne
887 3709 902 3742 a
916 3693 972 3742 suis
992 3692 1103 3761 quidem
1117 3691 1247 3744 membris
1264 3692 1314 3744 de-

225 3761 364 3828 gustandis
379 3763 536 3815 abstineret.
573 3763 687 3814 Assidne
703 3763 777 3814 euim
791 3763 927 3815 mordicus
947 3761 1067 3824 brachiis
1089 3764 1143 3814 suis
1158 3762 1314 3824 inhaerens,

225 3837 254 3879 et
271 3848 363 3884 carnes
380 3833 510 3885 dentibus
528 3833 699 3896 convellens,
726 3849 770 3884 eas
786 3833 871 3885 instar
885 3834 960 3885 serae
982 3833 1097 3885 alicuius
1115 3833 1219 3886 bestiae
1242 3831 1315 3882 dila-

223 3899 337 3966 niabat,
356 3904 563 3972 promanantem
574 3904 677 3961 saniem
693 3903 834 3967 lambens,
853 3912 935 3973 atque
950 3905 989 3956 ita
1001 3904 1143 3974 suiipsius
1157 3910 1232 3954 satur
1246 3918 1315 3969 pau-

224 3967 357 4041 latimque
372 3973 566 4025 contabescens
585 3973 735 4025 miserrime
749 3975 838 4042 periit.
875 3975 996 4027 Extincti
1013 3990 1075 4024 vero
1089 3979 1154 4023 sunt
1166 3972 1314 4041 universim

225 4039 309 4090 etiam
325 4046 424 4105 ceteri,
442 4041 515 4094 nihil
529 4044 639 4110 penitus
657 4059 687 4094 se
703 4045 860 4097 remittente
875 4046 947 4095 malo
956 4082 964 4107 ,
984 4042 1072 4095 donec
1087 4059 1180 4096 omues
1197 4043 1313 4094 interie-

224 4117 303 4178 runt,
325 4128 355 4162 ac
375 4112 452 4163 febre
473 4113 584 4181 quidem
603 4113 715 4181 plurimi
732 4115 836 4183 pressi,
855 4131 919 4165 sana
939 4122 1030 4166 tamen
1050 4120 1142 4165 mente
1156 4113 1313 4181 perierunt,

224 4180 372 4238 nonnullos
389 4188 480 4236 autem
502 4183 656 4252 gravissima
674 4183 817 4256 apoplexia
842 4183 956 4250 affluit,
982 4184 1049 4239 alios
1071 4183 1168 4254 capitis
1186 4183 1313 4254 gravedo,
