2738 4816
496 229 732 296 PRAEFATIO.
774 286 779 292 .
1133 240 1176 302 xi

98 382 173 437 miss
190 390 301 448 autem,
319 390 401 456 atque
420 386 478 455 ipse
496 387 649 456 Procopius,
667 386 746 455 longe
763 385 927 456 propiusad
944 367 1081 447 inferioris
1100 389 1183 444 illius‘
1211 378 1220 384 ’
1266 366 1269 375 '¹

98 504 185 557 quam
208 480 363 558 adprobas
380 486 475 541 aetatis
500 490 642 558 scriptores
663 487 804 543 accedunt.
841 487 894 542 Scd
911 489 958 541 illa
971 493 1031 557 res,
1048 500 1080 545 ut
1095 494 1176 563 plura

96 590 155 641 alia
178 607 250 660 quae
272 592 303 642 in
321 593 432 644 summis
451 592 560 645 dicendi
585 584 744 664 auctoribus
758 570 853 662 magna
868 601 945 659 sunt,
966 596 995 646 in
1017 593 1174 648 huiusmodi

95 693 179 746 iibris
196 693 302 744 minimi
318 696 449 747 momenti
467 703 515 748 est.
550 696 586 747 Ut
598 701 689 746 tamen
702 711 795 749 verum
813 695 957 764 confitear3
977 699 1049 766 ipsc,
1066 699 1173 768 perspi-'
1227 726 1242 753 ,-

96 797 214 848 enitatis
227 797 330 880 gratia,
359 797 457 849 tacitus
473 797 576 850 mutavi
593 796 667 869 quod
686 779 855 866 abcriptoris
874 791 1064 868 orthographia
1080 800 1173 867 proic-

52 969 54 973 .
94 907 176 952 ctum
197 916 326 952 essenon
344 900 458 954 dubito:
477 901 589 972 μέλλειν
609 903 683 953 enim
699 917 804 970 semper
820 903 851 954 in
869 910 984 973 utroque
1004 903 1096 956 codice
1116 920 1171 955 uno
1249 947 1260 959 ,

92 1011 208 1077 tantum
225 1004 241 1056 i
257 1001 391 1055 scribitur.
424 1003 519 1074 Neque
536 1005 619 1074 magis
633 1001 805 1058 indicandum
825 1019 883 1056 esse
902 999 997 1075 putavi
1022 1005 1129 1076 quoties
1146 1003 1175 1060 Ν
1223 992 1226 1023 '³

92 1102 307 1176 ἔφελκυστικόν
325 1095 359 1159 ea
376 1105 469 1159 codice
485 1106 619 1166 adderem,

167 1209 364 1278 Epigrammata
382 1209 502 1262 libenter
529 1212 692 1269 omisissem:
723 1229 806 1282 quum
822 1214 940 1268 retinere
964 1226 1074 1264 neccaro
1093 1215 1172 1273 essct,

90 1309 181 1362 multo
200 1311 329 1381 pluraet
345 1307 536 1365 emendatiora
547 1314 586 1366 ‘iis
610 1312 674 1366 dedi
694 1330 766 1386 quac,
784 1312 931 1369 Vulcanius
954 1331 987 1366 ex
1008 1312 1170 1382 Anthologia

90 1411 233 1466 Planudea
248 1415 409 1485 collegerat:
427 1423 522 1468 cuncta
539 1417 643 1469 scilicet
654 1434 723 1488 quae
740 1419 771 1470 in
779 1418 900 1470 Palatina
914 1426 1018 1470 servata
1030 1423 1101 1480 sunt,
1119 1414 1168 1467 ad·
1196 1477 1197 1482 ¹

9 1576 10 1583 ἵ
88 1515 159 1569 ditis
175 1518 221 1569 >iis
237 1534 306 1588 quae
328 1519 462 1588 incapite
482 1522 550 1591 περὶ
571 1519 689 1574 εἰκόνων
703 1520 854 1584 exstabant,
875 1538 928 1591 quo
947 1520 1055 1588 plenius
1071 1517 1170 1570 habuit

86 1620 226 1674 Planudes
242 1639 324 1692 quam
338 1639 387 1675 nos
404 1625 623 1693 epigrammatum
640 1621 807 1674 collectionis
825 1621 986 1690 exemplum.
1004 1621 1035 1671 In
1051 1619 1094 1671 his
1113 1619 1170 1671 cri-

88 1724 177 1776 ticum
200 1742 254 1777 non
275 1729 336 1796 egi,
354 1727 407 1780 nisi
424 1727 498 1799 quod
512 1726 653 1796 perpaucis
671 1726 737 1778 locis
756 1733 803 1778 aut
820 1727 934 1778 aliorum
951 1722 1168 1776 emendationem

86 1836 139 1879 aut
157 1828 318 1881 Planudeam
336 1830 481 1882 lectionem
496 1831 633 1882 Palatinae
653 1817 779 1900 practuli.
814 1823 923 1894 Latina,
942 1827 1024 1897 elegis
1042 1841 1167 1897 compre-

85 1929 191 1994 hensa,
224 1949 293 2002 quae
318 1934 448 2008 Iosephus
467 1928 596 2006 Scaliger,
622 1943 704 2006 atque
724 1937 803 1988 Ianus
826 1936 917 1987 Dousa
939 1949 954 1986 e
974 1931 1074 2001 graecis
1095 1929 1165 1999 Aga-

84 2031 165 2085 thiae
181 2035 312 2101 iecerunt,
330 2038 490 2092 invitorum
502 2038 631 2095 honorem
649 2041 764 2092 retinui:
784 2057 838 2110 quo
853 2039 923 2091 iacto
937 2053 972 2089 ne
991 2036 1041 2087 illa
1055 2032 1166 2104 quidem

84 2125 181 2189 omitti
194 2147 342 2207 potuerunt
357 2140 466 2211 quaein
480 2142 576 2195 eodem
589 2159 686 2212 genere
700 2142 825 2206 coniecit,
840 2139 1000 2212 addiditque
1008 2138 1164 2217 Vulcanius.

153 2241 206 2291 ‘His
231 2243 378 2313 expositis,
406 2243 460 2297 iam
482 2245 563 2296 finem
587 2245 752 2314 praefationi
780 2245 893 2308 faciam,
928 2259 1010 2313 quum
1030 2239 1064 2292 de
1085 2239 1163 2292 libris

81 2360 155 2415 quos
180 2344 311 2410 adhibui,
332 2347 461 2419 siglisquc
483 2365 549 2420 quas
574 2349 604 2402 in
619 2349 728 2402 scholiis
746 2349 827 2419 posui
844 2364 913 2419 quae
927 2346 1077 2402 necessaria
1098 2349 1163 2396 sunt

85 2462 249 2515 exposuero.

156 2549 186 2600 It.
202 2525 295 2603 Codex
309 2549 524 2622 liehdigeranus:
549 2553 717 2609 chartaceus:
738 2555 854 2627 scriptus
870 2554 940 2607 circa
953 2569 1054 2606 annum
1072 2553 1155 2616 sido,

79 2650 505 2725 impensisThomaeRehdigcri,
522 2657 552 2710 in
566 2657 659 2726 ltalia,
678 2657 832 2730 etquidem
846 2657 941 2728 procul
954 2655 1159 2729 dubiollpmae3

77 2771 95 2805 a
111 2752 221 2806 duobus
242 2755 363 2810 tribusve
382 2758 609 2824 amanuensibus,
634 2759 714 2813 credo
731 2758 916 2813 bibliothecae
934 2760 1079 2812 vaticanae
1095 2758 1160 2809 scri-

73 2856 224 2928 ptoribus:
248 2875 363 2929 quorum
378 2859 474 2912 saltem
495 2863 611 2935 primum
629 2862 714 2916 fuisse
732 2863 865 2915 Graecum
881 2879 914 2912 ex
935 2860 1060 2913 ductibus
1085 2860 1157 2911 clare

73 2968 182 3030 patet;
210 2969 359 3031 postremus
378 2971 475 3017 *autem
501 2966 654 3037 alienigena
678 2966 750 3028 fuit,
780 2979 943 3034 graecaeque
966 2963 1075 3032 linguae
1098 2962 1155 3014 iere

75 3062 165 3116 rudis.
200 3065 369 3138 Exscriptum
385 3084 442 3121 esse
461 3085 495 3120 ex
509 3067 602 3120 codice
620 3068 751 3121 Vaticano
768 3084 825 3119 non
842 3064 947 3129 dubito,
966 3082 1019 3135 quo
1040 3066 1154 3117 Persona

75 3183 148 3221 usus,
165 3167 257 3222 fuerit.
293 3171 542 3241 Interpunctionem
558 3169 592 3222 ad
611 3187 719 3224 sensum
733 3169 960 3223 accommodatam
974 3169 1019 3222 vix
1043 3185 1156 3239 usquam

74 3267 172 3332 babet,
190 3269 238 3322 sed
251 3273 403 3325 interiectis
412 3321 414 3326 ,
424 3275 543 3345 septenis
558 3274 603 3327 vel
619 3274 724 3326 octonis
737 3274 774 3345 pl.
785 3289 819 3324 m.
837 3272 976 3326 vocabulis
989 3279 1089 3343 puncta
1101 3289 1154 3344 po·
1203 3340 1204 3343 Ἴ

73 3374 129 3425 nit.
164 3374 196 3426 ln
212 3376 332 3446 margine
348 3352 527 3435 correctiones
545 3386 592 3431 aut
604 3379 770 3432 coniecturas
785 3376 898 3446 exhibet
913 3377 1075 3440 nonnullas,
1087 3393 1152 3447 quas

73 3476 274 3532 Leunclavium
290 3489 427 3534 auctorem
441 3481 543 3535 habere
567 3481 664 3547 credo,
687 3482 735 3554 qui
754 3498 817 3533 eum
831 3497 854 3533 a.
875 3481 948 3550 1576.
962 3479 1095 3533 utendum
1109 3495 1153 3531 ao-

63 3572 191 3649 heperat
229 3581 317 3652 Quem
332 3583 452 3637 codicem
464 3603 548 3656 quum
557 3587 703 3639 Vulcanius
716 3602 805 3638 secum
824 3566 1019 3638 communicari
1036 3591 1152 3654 peteret,

66 3686 233 3753 vressponsum
253 3697 294 3741 est
314 3704 376 3740 eum
393 3707 449 3743 non
471 3708 638 3760 comparare:
655 3707 747 3762 neque
762 3689 791 3741 id
803 3672 896 3742 ,falsoz
919 3686 1062 3757 inscriptio
1078 3687 1151 3737 enim

61 3775 190 3838 testatum
219 3805 291 3843 anno
318 3789 425 3869 demum
454 3796 527 3848 1658.
549 3797 648 3847 iterum
663 3795 773 3847 illatum
809 3811 867 3846 esse
895 3794 925 3844 in
957 3789 1152 3843 bibliothecam
1255 3857 1258 3865 ¹

61 3873 288 3959 diebdigeranam
312 3894 506 3949 a.Christiano
529 3897 682 3960 Hofmanno
706 3896 741 3948 ab
762 3892 1033 3956 Hofmauuswaldau‚
1062 3901 1145 3963 pocta

62 3984 179 4044 insulso
198 4001 227 4045 et
247 3994 398 4066 obscoeno;
422 4007 449 4063 at
472 4003 548 4065 cive,
576 4001 691 4054 uthina
711 4002 838 4072 colligere
858 4001 940 4063 licat,
967 4005 1023 4050 non
1045 3971 1148 4050 inutili.

144 4095 230 4164 ΜΨ·
249 4098 456 4170 Lugdunensis,
484 4104 668 4158 bibliothecae
690 4105 878 4181 academicae,
916 4104 956 4172 54,
976 4102 1047 4154 inter
1064 4099 1148 4154 libros
1354 4117 1357 4126 ›

805 4378 808 4389 ¹
863 4384 874 4413 t
