2738 4816
207 235 277 294 xvi
620 226 625 245 '
671 229 765 293 VITA
821 266 825 278 ι

209 389 275 453 esse
294 384 381 471 quod
400 383 552 450 historiae
567 405 645 470 opus
664 385 705 448 ad
726 373 821 448 finem
839 406 902 447 non
922 388 963 449 sit
977 385 1183 470 perductum,
1205 384 1279 451 Me-

212 487 334 549 nander
350 486 475 564 innuit,
504 485 646 547 oratione
662 506 737 546 usus
757 506 869 568 parurn
885 485 1015 569 quidem
1032 497 1102 570 apta
1121 488 1191 566 ⁹³)s'
1219 488 1278 549 sed

206 606 320 671 pravae
335 584 590 668 interpretationi
606 582 736 644 minime
751 584 905 646 obnoxia:
929 584 1023 647 modo
1040 584 1280 670 meminerimus

206 684 353 747 Chosrnis
370 692 502 745 mortem
513 681 629 766 viginti
640 682 708 744 lere
726 681 1095 767 annis-postllnnnorum
1107 684 1282 746 adveutum

207 783 241 843 in
254 781 432 857 Thraciam,
456 781 511 841 ubi
525 780 630 862 quinti
646 780 722 842 libri
737 781 874 860 narratio
883 781 1091 864 abrumpitur,
1113 781 1278 847 accidisse.

207 883 254 943 Ac
264 902 303 942 ne
315 879 387 962 quis
398 879 479 940 forte
493 879 716 963 suspiceturad
733 879 913 941 molestiora
927 879 1052 962 negotia
1069 881 1220 956 delatum,
1233 888 1278 939 at·

209 999 272 1062 que
283 978 326 1038 ita
336 978 401 1040 otio
409 977 493 1060 quod
506 979 659 1040 'historiae
668 978 859 1061 scribendae
869 979 1025 1040 tribueret
1034 977 1189 1060 privatum
1198 997 1286 1054 esses

208 1078 242 1138 in
260 1076 372 1139 eodem
386 1076 469 1137 ritae
481 1066 598 1159 genere
611 1078 818 1161 permansisse
833 1079 884 1140 vel
897 1075 1090 1160 'cognomine
1106 1084 1184 1137 teste
1196 1096 1282 1136 com·

208 1183 332 1260 perdum
343 1181 399 1236 est.
426 1175 500 1252 Quo
519 1197 670 1239 concesso
684 1177 755 1260 quis
770 1177 879 1239 credat
893 1177 963 1239 ficri
978 1173 1117 1259 potuisse
1132 1182 1169 1235 ut
1180 1194 1282 1256 spon·

208 1282 240 1334 te
261 1273 429 1334 omitteret.
448 1282 569 1356 gratum
594 1275 732 1338 laborem
760 1298 778 1336 a
805 1297 870 1358 quo
899 1275 986 1337 omni
1010 1273 1042 1335 vi
1065 1282 1159 1356 atque
1181 1271 1282 1333 unice

207 1371 433 1455 persequendo
463 1372 597 1454 negotiis
623 1375 799 1437 forensibus
818 1395 852 1436 se
879 1373 1027 1435 distineri
1041 1372 1191 1459 queritur
1209 1370 1281 1445 llll

194 1526 195 1532 ,
208 1491 291 1554 quae
302 1480 408 1533 tamen
423 1473 583 1535 cumulate
600 1473 707 1536 offerri
716 1474 792 1536 alias
805 1472 988 1535 laetandum
998 1471 1059 1534 sibi
1071 1469 1282 1545 sesebutus,
1339 1469 1341 1474 ’

158 1630 163 1638 ,
209 1591 251 1632 ne
266 1568 376 1652 inopia
391 1577 560 1652 prematur.
589 1572 688 1633 Nemo
709 1581 813 1634 tamen
837 1571 915 1633 binc
931 1558 1283 1651 concludatAgathiam
1311 1565 1333 1647 Ἀ

211 1667 487 1728 annumerandum
503 1688 570 1730 esse
585 1668 770 1732 infelicibus
786 1670 850 1733 illis
870 1668 939 1752 qui,
955 1690 996 1741 ne
1012 1668 1095 1728 fame
1110 1672 1292 1748 vexentur,¹

175 1770 176 1773 ’
209 1787 228 1826 a
245 1764 361 1825 litteris
374 1765 525 1827 recedere
543 1766 643 1826 coacti
666 1776 749 1828 suut.
769 1768 847 1828 Nam
860 1767 916 1826 illa
933 1775 1000 1826 erat
1017 1764 1284 1826 scholasticorum

210 1861 360 1930 condicio
374 1868 411 1923 ut
425 1882 536 1924 eornm
548 1863 675 1925 avaritia
684 1863 806 1948 legibus
816 1871 898 1925 esset
910 1861 1155 1946 compescenda:
1174 1880 1283 1943 neque

210 1960 380 2025 clientibus
407 1961 544 2024 caruisse
566 1962 731 2024 credemur
752 1961 856 2023 virum
879 1962 936 2044 qui
960 1959 1079 2043 insigni
1110 1959 1283 2022 facundiae

210 2059 311 2143 gloria
326 2068 359 2122 et
375 2058 477 2122 ¹rivus
498 2069 530 2122 et
552 2069 622 2162 post
640 2047 774 2122 mortem
802 2059 922 2121 floruit.
963 2060 1093 2142 ltaque,
1115 2058 1177 2120 nisi
1193 2058 1294 2137 lusus*

211 2166 260 2222 est
277 2157 386 2220 istade
405 2178 461 2219 sua
477 2167 560 2220 sorte
580 2159 723 2241 querela,
745 2159 810 2220 illis
820 2157 1036 2220 accensendus
1056 2156 1116 2218 erit
1130 2155 1285 2239 Agathino

209 2257 278 2340 qui,
291 2255 351 2318 nisi
365 2256 537 2318 admodum
552 2257 637 2318 laute
647 2257 753 2319 rivere
769 2257 902 2340 aliisque
912 2255 1020 2339 largiri
1036 2263 1179 2340 possunt,
1188 2273 1285 2335 egere

209 2355 271 2418 sibi
291 2354 449 2417 videntur.
485 2355 578 2434 Quae
599 2355 728 2438 quidem
746 2355 857 2437 opinio
873 2355 1096 2438 epigrammate
1112 2353 1285 2415 confirma-

180 2484 181 2488 *
208 2461 342 2536 tunquo
360 2452 429 2533 ille,
451 2462 541 2536 pater
560 2454 670 2537 oppidi
691 2454 806 2532 dictus,
828 2454 861 2514 in
888 2452 1063 2537 municipio
1086 2452 1283 2528 melonum,

209 2559 305 2613 antea
326 2549 494 2635 obscoenis
521 2552 731 2615 immunditiis
757 2553 888 2615 foedum
916 2563 1012 2635 atque
1048 2549 1281 2624 detestabilem,

210 2668 384 2732 purgasse,
405 2659 500 2732 atque
519 2652 658 2734 eleganti
674 2651 839 2733 aedilicio,
861 2653 970 2714 nescio
990 2673 1066 2733 quo,
1082 2668 1210 2712 ornasse
1229 2647 1283 2710 di·

211 2747 295 2809 citur
310 2749 366 2827 2⁵).
407 2748 479 2810 Alia
497 2749 628 2812 sortasse
647 2759 808 2834 praeterea
829 2751 955 2834 pietatis
974 2749 1080 2811 officia
1096 2748 1129 2809 in
1147 2746 1285 2829 patriam
1337 2826 1341 2837 Ι

212 2845 368 2908 contulit:
390 2868 472 2930 quae
491 2869 556 2910 non
571 2848 678 2911 minus
697 2857 828 2933 propter
841 2849 926 2910 banc
940 2848 1089 2909 uirtutem
1100 2865 1195 2927 mam
1211 2842 1283 2905 elo·

211 2944 361 3027 quentiae
379 2965 492 3024 causa,
514 2966 588 3008 eum
610 2968 683 3010 cum
702 2958 791 3031 patre
806 2946 993 3010 Memnonio
1010 2957 1041 3007 et
1057 2947 1157 3006 fratre
1183 2949 1287 3005 statua

212 3042 339 3103 ornarit
352 3040 415 3121 ²⁶)=
437 3045 528 3108 cuius
542 3045 685 3125 honoris,
698 3067 797 3129 quum
818 3046 895 3121 olim
912 3045 1023 3129 fuisset
1040 3039 1296 3125 vulgatissimum.

211 3138 270 3201 illo
282 3147 433 3223 tempore,
449 3143 482 3203 in
496 3145 636 3226 privatos
644 3146 763 3223 collati,
775 3145 829 3208 six
842 3142 929 3203 alind
938 3149 1080 3227 superest
1090 3137 1284 3218 exemplum.

292 3238 410 3300 Mansit
429 3251 534 3304 autem
553 3244 623 3316 viro
643 3244 773 3307 laudato
790 3242 882 3304 etiam
904 3249 975 3323 post
992 3238 1089 3298 funus
1106 3234 1217 3297 eadem
1235 3233 1286 3295 in·

209 3336 310 3419 signis
328 3338 412 3398 fama
431 3330 653 3422 eloquentiaez
676 3341 717 3404 ad
739 3361 834 3423 qnam
848 3335 1052 3399 referendum
1068 3353 1136 3396 esse
1155 3332 1286 3394 ridetur

212 3435 301 3518 quod
318 3437 577 3523 Menander‚'qui
594 3440 663 3504 cius
682 3437 846 3515 historiam
868 3432 1086 3510 continuavit,
1114 3431 1285 3491 infantiam

193 3541 301 3597 'suam
322 3543 386 3594 tam
404 3535 610 3601 vehementer
633 3545 771 3601 excusat.
819 3536 930 3615 Itaque
945 3551 1055 3613 quum,
1082 3529 1201 3590 renatis
1222 3527 1284 3588 sub

210 3631 421 3694 Basilidarnm
449 3636 581 3719 imperio
607 3635 740 3712 litteris,
776 3633 911 3694 eandem
941 3628 1071 3690 laudem
1096 3635 1285 3711 appeterent
1360 3627 1362 3629 ’

109 3814 111 3820 Α
210 3728 321 3812 pusilli
346 3728 466 3812 ingenii
488 3729 652 3811 homines,
680 3730 849 3813 Agathiam
870 3727 1058 3788 imitandum
1074 3722 1134 3788 sibi
1151 3724 1286 3808 sumpsit

210 3829 277 3889 Leo
292 3827 466 3907 Diaconus,
489 3841 525 3892 ut
538 3831 652 3893 Hosius
668 3853 698 3896 v.
718 3830 766 3891 ill.
784 3827 955 3893 iudicarit:
984 3825 1037 3889 cui
1052 3823 1140 3909 quod
1156 3825 1284 3909 placue-

245 3957 291 4028 23)
307 3956 339 4010 V.
359 3961 516 4013 testimonia
536 3981 543 4011 ε
563 3956 699 4036 (inuritur
716 3957 860 4028 ἄρξασθαι
868 3954 938 4029 perol
952 3951 1004 4022 τὴν
1018 3955 1176 4025 ἀπορίωσιν
1198 3951 1288 4035 Ἀχαι

279 4029 474 4156 §llam-al)
490 4030 561 4088 Hiot.
577 4031 622 4082 ΙΙΙ.
646 4048 668 4088 ι.
682 4047 710 4101 p.
736 4032 792 4085 138.
861 4028 906 4099 25)
922 4028 1061 4099 Epignra.
1132 4024 1177 4095 26)
1197 4025 1288 4094 Epigr.
